trade_id,product_id,price,size,side,time,ingested_at
995584848,BTC-USD,68554.39,0.00000007,buy,2026-04-07T19:24:42.361277Z,2026-04-07T19:24:42.414021
331384132,SOL-USD,80.6,0.006,sell,2026-04-07T19:24:42.441201Z,2026-04-07T19:24:42.491857
995584849,BTC-USD,68554.4,0.0000001,sell,2026-04-07T19:24:42.491719Z,2026-04-07T19:24:42.554240
794942784,ETH-USD,2094.61,0.06995436,sell,2026-04-07T19:24:42.650654Z,2026-04-07T19:24:42.701859
995584850,BTC-USD,68554.39,0.00000004,buy,2026-04-07T19:24:42.803385Z,2026-04-07T19:24:42.857280
995584851,BTC-USD,68554.4,0.00276744,sell,2026-04-07T19:24:42.803724Z,2026-04-07T19:24:42.866003
995584852,BTC-USD,68554.4,0.00028349,sell,2026-04-07T19:24:43.157203Z,2026-04-07T19:24:43.210611
995584853,BTC-USD,68554.4,0.00095362,sell,2026-04-07T19:24:43.270103Z,2026-04-07T19:24:43.322032
995584854,BTC-USD,68554.39,0.00000004,buy,2026-04-07T19:24:43.273987Z,2026-04-07T19:24:43.326971
995584855,BTC-USD,68554.39,0.00000006,buy,2026-04-07T19:24:43.683578Z,2026-04-07T19:24:43.734285
995584856,BTC-USD,68554.4,0.00069184,sell,2026-04-07T19:24:43.927651Z,2026-04-07T19:24:43.979949
995584857,BTC-USD,68554.4,0.00553413,sell,2026-04-07T19:24:44.185204Z,2026-04-07T19:24:44.237525
995584858,BTC-USD,68554.39,0.00000008,buy,2026-04-07T19:24:44.208772Z,2026-04-07T19:24:44.262268
995584859,BTC-USD,68554.4,0.0000001,sell,2026-04-07T19:24:44.215321Z,2026-04-07T19:24:44.268046
995584860,BTC-USD,68554.39,0.00000008,buy,2026-04-07T19:24:44.620517Z,2026-04-07T19:24:44.677334
794942785,ETH-USD,2094.57,0.56442324,sell,2026-04-07T19:24:44.753047Z,2026-04-07T19:24:44.812326
794942786,ETH-USD,2094.57,0.15178086,sell,2026-04-07T19:24:44.753152Z,2026-04-07T19:24:44.816064
794942787,ETH-USD,2094.58,0.71613664,sell,2026-04-07T19:24:44.753152Z,2026-04-07T19:24:44.820154
995584861,BTC-USD,68554.4,0.00021343,sell,2026-04-07T19:24:44.795678Z,2026-04-07T19:24:44.849903
995584862,BTC-USD,68554.41,0.00000023,sell,2026-04-07T19:24:44.795678Z,2026-04-07T19:24:44.854303
995584863,BTC-USD,68554.41,0.00025439,sell,2026-04-07T19:24:44.795678Z,2026-04-07T19:24:44.863063
995584864,BTC-USD,68554.5,0.00032263,sell,2026-04-07T19:24:44.795678Z,2026-04-07T19:24:44.867210
995584865,BTC-USD,68554.5,0.00002829,sell,2026-04-07T19:24:44.795678Z,2026-04-07T19:24:44.873917
794942788,ETH-USD,2094.72,0.17125839,buy,2026-04-07T19:24:44.814357Z,2026-04-07T19:24:44.881963
995584866,BTC-USD,68555.42,0.000382,sell,2026-04-07T19:24:45.044658Z,2026-04-07T19:24:45.097979
995584867,BTC-USD,68555.41,0.00238162,buy,2026-04-07T19:24:45.051609Z,2026-04-07T19:24:45.104275
995584868,BTC-USD,68555.41,0.00000005,buy,2026-04-07T19:24:45.111048Z,2026-04-07T19:24:45.165222
331384133,SOL-USD,80.6,0.85977017,sell,2026-04-07T19:24:45.244332Z,2026-04-07T19:24:45.296075
331384134,SOL-USD,80.6,0.01433494,sell,2026-04-07T19:24:45.244332Z,2026-04-07T19:24:45.301159
331384135,SOL-USD,80.6,0.36021889,sell,2026-04-07T19:24:45.244332Z,2026-04-07T19:24:45.305850
331384136,SOL-USD,80.6,0.00000084,sell,2026-04-07T19:24:45.246914Z,2026-04-07T19:24:45.310754
995584869,BTC-USD,68555.42,0.00027637,sell,2026-04-07T19:24:45.265591Z,2026-04-07T19:24:45.336578
794942789,ETH-USD,2094.8,0.001,sell,2026-04-07T19:24:45.310605Z,2026-04-07T19:24:45.364917
794942790,ETH-USD,2094.84,0.71604536,sell,2026-04-07T19:24:45.310605Z,2026-04-07T19:24:45.366555
794942791,ETH-USD,2094.88,0.001,sell,2026-04-07T19:24:45.319529Z,2026-04-07T19:24:45.372072
794942792,ETH-USD,2094.96,0.001,sell,2026-04-07T19:24:45.319529Z,2026-04-07T19:24:45.379127
794942793,ETH-USD,2095.04,0.001,sell,2026-04-07T19:24:45.319529Z,2026-04-07T19:24:45.382577
794942794,ETH-USD,2095.1,0.99749761,sell,2026-04-07T19:24:45.319529Z,2026-04-07T19:24:45.386238
331384137,SOL-USD,80.61,0.00012721,sell,2026-04-07T19:24:45.322453Z,2026-04-07T19:24:45.390654
331384138,SOL-USD,80.61,0.014,sell,2026-04-07T19:24:45.322453Z,2026-04-07T19:24:45.392416
794942795,ETH-USD,2094.99,0.71599387,sell,2026-04-07T19:24:45.330214Z,2026-04-07T19:24:45.396934
794942796,ETH-USD,2095,0.21552654,sell,2026-04-07T19:24:45.330214Z,2026-04-07T19:24:45.404326
794942797,ETH-USD,2095.01,0.06897720,sell,2026-04-07T19:24:45.330214Z,2026-04-07T19:24:45.408084
794942798,ETH-USD,2095,0.21552654,sell,2026-04-07T19:24:45.340339Z,2026-04-07T19:24:45.413388
794942799,ETH-USD,2095.01,0.14600054,sell,2026-04-07T19:24:45.340339Z,2026-04-07T19:24:45.415297
794942800,ETH-USD,2095.1,0.47300459,sell,2026-04-07T19:24:45.340339Z,2026-04-07T19:24:45.423797
794942801,ETH-USD,2095.1,0.16596594,sell,2026-04-07T19:24:45.340339Z,2026-04-07T19:24:45.429299
794942802,ETH-USD,2095.09,0.73848,buy,2026-04-07T19:24:45.347126Z,2026-04-07T19:24:45.434836
794942803,ETH-USD,2095.02,0.21497774,sell,2026-04-07T19:24:45.356679Z,2026-04-07T19:24:45.438819
794942804,ETH-USD,2095.02,0.21552654,sell,2026-04-07T19:24:45.356679Z,2026-04-07T19:24:45.445968
794942805,ETH-USD,2095.09,0.1553216,sell,2026-04-07T19:24:45.356679Z,2026-04-07T19:24:45.457836
794942806,ETH-USD,2095.11,0.41467173,sell,2026-04-07T19:24:45.356679Z,2026-04-07T19:24:45.463879
794942807,ETH-USD,2095.09,0.38118142,buy,2026-04-07T19:24:45.361330Z,2026-04-07T19:24:45.470729
794942808,ETH-USD,2095.1,0.56778,buy,2026-04-07T19:24:45.364528Z,2026-04-07T19:24:45.483271
794942809,ETH-USD,2095.11,0.08532827,sell,2026-04-07T19:24:45.366709Z,2026-04-07T19:24:45.499130
794942810,ETH-USD,2095.12,0.001,sell,2026-04-07T19:24:45.366709Z,2026-04-07T19:24:45.502994
794942811,ETH-USD,2095.12,0.00071617,sell,2026-04-07T19:24:45.366709Z,2026-04-07T19:24:45.523479
794942812,ETH-USD,2095.16,0.21497774,sell,2026-04-07T19:24:45.366709Z,2026-04-07T19:24:45.526010
794942813,ETH-USD,2095.16,0.69847543,sell,2026-04-07T19:24:45.366709Z,2026-04-07T19:24:45.534425
794942814,ETH-USD,2095.1,0.40161937,buy,2026-04-07T19:24:45.370241Z,2026-04-07T19:24:45.538475
794942815,ETH-USD,2095.11,0.400215,buy,2026-04-07T19:24:45.372340Z,2026-04-07T19:24:45.548750
794942816,ETH-USD,2095.1,0.230577,buy,2026-04-07T19:24:45.372340Z,2026-04-07T19:24:45.567256
794942817,ETH-USD,2095.1,0.14230124,buy,2026-04-07T19:24:45.373130Z,2026-04-07T19:24:45.582052
794942818,ETH-USD,2095.11,0.14230124,buy,2026-04-07T19:24:45.376097Z,2026-04-07T19:24:45.592669
794942819,ETH-USD,2095.11,0.63219637,buy,2026-04-07T19:24:45.376104Z,2026-04-07T19:24:45.602451
794942820,ETH-USD,2095.1,0.14230124,buy,2026-04-07T19:24:45.376104Z,2026-04-07T19:24:45.609662
794942821,ETH-USD,2095.15,0.5,sell,2026-04-07T19:24:45.376396Z,2026-04-07T19:24:45.621916
794942822,ETH-USD,2095.16,0.37884589,sell,2026-04-07T19:24:45.376396Z,2026-04-07T19:24:45.628781
794942823,ETH-USD,2095.16,0.12165172,sell,2026-04-07T19:24:45.376396Z,2026-04-07T19:24:45.632863
794942824,ETH-USD,2095.12,0.56036284,buy,2026-04-07T19:24:45.378830Z,2026-04-07T19:24:45.641060
794942825,ETH-USD,2095.11,0.07183353,buy,2026-04-07T19:24:45.378830Z,2026-04-07T19:24:45.647883
794942826,ETH-USD,2095.1,0.21754621,buy,2026-04-07T19:24:45.382373Z,2026-04-07T19:24:45.650119
794942827,ETH-USD,2095.1,0.05060971,buy,2026-04-07T19:24:45.384038Z,2026-04-07T19:24:45.658230
794942828,ETH-USD,2095.1,0.36134169,buy,2026-04-07T19:24:45.385371Z,2026-04-07T19:24:45.662954
794942829,ETH-USD,2095.11,0.21497774,sell,2026-04-07T19:24:45.388276Z,2026-04-07T19:24:45.664825
794942830,ETH-USD,2095.11,0.5,sell,2026-04-07T19:24:45.388276Z,2026-04-07T19:24:45.670278
794942831,ETH-USD,2095.15,0.28551987,sell,2026-04-07T19:24:45.388276Z,2026-04-07T19:24:45.679919
995584870,BTC-USD,68556.84,0.000017,sell,2026-04-07T19:24:45.411635Z,2026-04-07T19:24:45.687684
995584871,BTC-USD,68556.84,0.00013818,sell,2026-04-07T19:24:45.411635Z,2026-04-07T19:24:45.698663
995584872,BTC-USD,68559.58,0.001573,sell,2026-04-07T19:24:45.428982Z,2026-04-07T19:24:45.708015
995584873,BTC-USD,68560.18,0.000017,sell,2026-04-07T19:24:45.428982Z,2026-04-07T19:24:45.715931
995584874,BTC-USD,68561.99,0.00029172,sell,2026-04-07T19:24:45.428982Z,2026-04-07T19:24:45.720944
995584875,BTC-USD,68562.2,0.00228998,sell,2026-04-07T19:24:45.428982Z,2026-04-07T19:24:45.725404
995584876,BTC-USD,68562.2,0.00159002,sell,2026-04-07T19:24:45.429163Z,2026-04-07T19:24:45.731745
995584877,BTC-USD,68563.52,0.000017,sell,2026-04-07T19:24:45.454699Z,2026-04-07T19:24:45.743568
995584878,BTC-USD,68563.52,0.0180184,sell,2026-04-07T19:24:45.454699Z,2026-04-07T19:24:45.750272
995584879,BTC-USD,68563.53,0.001063,sell,2026-04-07T19:24:45.513558Z,2026-04-07T19:24:45.757207
995584880,BTC-USD,68563.53,0.00056723,sell,2026-04-07T19:24:45.537329Z,2026-04-07T19:24:45.762900
995584881,BTC-USD,68563.52,0.00282782,buy,2026-04-07T19:24:45.589416Z,2026-04-07T19:24:45.781931
995584882,BTC-USD,68563.52,0.00072919,buy,2026-04-07T19:24:45.589416Z,2026-04-07T19:24:45.804669
995584883,BTC-USD,68562.01,0.00004087,buy,2026-04-07T19:24:45.589416Z,2026-04-07T19:24:45.838936
995584884,BTC-USD,68559.57,0.00000004,buy,2026-04-07T19:24:45.614181Z,2026-04-07T19:24:45.858682
995584885,BTC-USD,68559.58,0.00000852,sell,2026-04-07T19:24:45.786287Z,2026-04-07T19:24:45.861897
794942832,ETH-USD,2095.07,0.77349761,buy,2026-04-07T19:24:45.869047Z,2026-04-07T19:24:45.927922
794942833,ETH-USD,2095.07,0.00079637,buy,2026-04-07T19:24:45.869047Z,2026-04-07T19:24:45.932522
794942834,ETH-USD,2095.06,0.59637829,buy,2026-04-07T19:24:45.869047Z,2026-04-07T19:24:45.936927
794942835,ETH-USD,2095.06,0.17811932,buy,2026-04-07T19:24:45.869053Z,2026-04-07T19:24:45.945275
794942836,ETH-USD,2095.03,0.77449761,buy,2026-04-07T19:24:45.869053Z,2026-04-07T19:24:45.958183
995584886,BTC-USD,68558.58,0.00001386,sell,2026-04-07T19:24:45.895171Z,2026-04-07T19:24:45.968795
995584887,BTC-USD,68557.31,0.0000001,sell,2026-04-07T19:24:45.927940Z,2026-04-07T19:24:45.980059
995584888,BTC-USD,68557.28,0.0000001,buy,2026-04-07T19:24:46.023804Z,2026-04-07T19:24:46.078211
995584889,BTC-USD,68557.11,0.00000005,buy,2026-04-07T19:24:46.413971Z,2026-04-07T19:24:46.467924
794942837,ETH-USD,2094.65,0.71619854,sell,2026-04-07T19:24:46.432162Z,2026-04-07T19:24:46.488965
794942838,ETH-USD,2094.71,0.28429907,sell,2026-04-07T19:24:46.432162Z,2026-04-07T19:24:46.494808
794942839,ETH-USD,2094.66,0.71619854,sell,2026-04-07T19:24:46.445231Z,2026-04-07T19:24:46.505814
794942840,ETH-USD,2094.71,0.28429907,sell,2026-04-07T19:24:46.445231Z,2026-04-07T19:24:46.512587
794942841,ETH-USD,2094.7,0.71619854,sell,2026-04-07T19:24:46.458548Z,2026-04-07T19:24:46.520503
794942842,ETH-USD,2094.71,0.04994542,sell,2026-04-07T19:24:46.458548Z,2026-04-07T19:24:46.523434
794942843,ETH-USD,2094.71,0.23435365,sell,2026-04-07T19:24:46.458548Z,2026-04-07T19:24:46.527058
794942844,ETH-USD,2094.72,0.71608636,sell,2026-04-07T19:24:46.468127Z,2026-04-07T19:24:46.530145
794942845,ETH-USD,2094.78,0.28441125,sell,2026-04-07T19:24:46.468127Z,2026-04-07T19:24:46.536437
331384139,SOL-USD,80.61,0.61304,sell,2026-04-07T19:24:46.523529Z,2026-04-07T19:24:46.575117
331384140,SOL-USD,80.61,0.61304,sell,2026-04-07T19:24:46.523594Z,2026-04-07T19:24:46.579466
794942846,ETH-USD,2094.72,0.71619854,sell,2026-04-07T19:24:46.560856Z,2026-04-07T19:24:46.613623
794942847,ETH-USD,2094.77,0.04627215,sell,2026-04-07T19:24:46.567114Z,2026-04-07T19:24:46.617803
331384141,SOL-USD,80.59,15.50930507,buy,2026-04-07T19:24:46.825558Z,2026-04-07T19:24:46.880237
331384142,SOL-USD,80.59,3.341,buy,2026-04-07T19:24:46.825558Z,2026-04-07T19:24:46.886710
331384143,SOL-USD,80.59,0.014,buy,2026-04-07T19:24:46.825558Z,2026-04-07T19:24:46.901665
995584890,BTC-USD,68556.34,0.00072919,buy,2026-04-07T19:24:46.837539Z,2026-04-07T19:24:46.925328
794942848,ETH-USD,2094.77,0.66979691,sell,2026-04-07T19:24:46.853736Z,2026-04-07T19:24:46.973365
794942849,ETH-USD,2094.77,0.33070070,sell,2026-04-07T19:24:46.853736Z,2026-04-07T19:24:46.983865
794942850,ETH-USD,2094.77,0.16929930,sell,2026-04-07T19:24:46.873254Z,2026-04-07T19:24:47.001140
794942851,ETH-USD,2094.77,0.71619854,sell,2026-04-07T19:24:46.873254Z,2026-04-07T19:24:47.003886
794942852,ETH-USD,2094.77,0.11499977,sell,2026-04-07T19:24:46.873254Z,2026-04-07T19:24:47.008862
794942853,ETH-USD,2094.76,0.28429907,buy,2026-04-07T19:24:46.874584Z,2026-04-07T19:24:47.017454
794942854,ETH-USD,2094.76,0.48349761,buy,2026-04-07T19:24:46.874584Z,2026-04-07T19:24:47.023302
794942855,ETH-USD,2094.73,0.71624337,sell,2026-04-07T19:24:46.900952Z,2026-04-07T19:24:47.050745
794942856,ETH-USD,2094.76,0.28425424,sell,2026-04-07T19:24:46.900952Z,2026-04-07T19:24:47.057464
995584891,BTC-USD,68555.41,0.00000002,buy,2026-04-07T19:24:46.905631Z,2026-04-07T19:24:47.068172
794942857,ETH-USD,2094.73,0.71624337,sell,2026-04-07T19:24:46.932673Z,2026-04-07T19:24:47.076759
794942858,ETH-USD,2094.75,0.21497774,sell,2026-04-07T19:24:46.932673Z,2026-04-07T19:24:47.084033
794942859,ETH-USD,2094.75,0.06927650,sell,2026-04-07T19:24:46.932673Z,2026-04-07T19:24:47.092452
794942860,ETH-USD,2094.75,0.64679940,sell,2026-04-07T19:24:46.951657Z,2026-04-07T19:24:47.096724
794942861,ETH-USD,2094.75,0.35369821,sell,2026-04-07T19:24:46.951657Z,2026-04-07T19:24:47.105960
794942862,ETH-USD,2094.76,0.21574576,sell,2026-04-07T19:24:46.961364Z,2026-04-07T19:24:47.108193
794942863,ETH-USD,2094.76,0.02386694,sell,2026-04-07T19:24:46.961364Z,2026-04-07T19:24:47.114052
794942864,ETH-USD,2094.77,0.5,sell,2026-04-07T19:24:46.961364Z,2026-04-07T19:24:47.115898
794942865,ETH-USD,2094.79,0.26088491,sell,2026-04-07T19:24:46.961364Z,2026-04-07T19:24:47.125568
995584892,BTC-USD,68555.41,0.00000019,buy,2026-04-07T19:24:47.004680Z,2026-04-07T19:24:47.128679
995584893,BTC-USD,68555.41,0.01749981,buy,2026-04-07T19:24:47.004680Z,2026-04-07T19:24:47.134905
794942866,ETH-USD,2094.75,0.73848,buy,2026-04-07T19:24:47.081130Z,2026-04-07T19:24:47.139741
794942867,ETH-USD,2094.75,0.76849761,buy,2026-04-07T19:24:47.081130Z,2026-04-07T19:24:47.145943
794942868,ETH-USD,2094.74,0.65251868,buy,2026-04-07T19:24:47.081130Z,2026-04-07T19:24:47.152613
995584894,BTC-USD,68555.42,0.000175,sell,2026-04-07T19:24:47.182661Z,2026-04-07T19:24:47.256349
995584895,BTC-USD,68555.41,0.00000004,buy,2026-04-07T19:24:47.375651Z,2026-04-07T19:24:47.428978
995584896,BTC-USD,68555.42,0.000172,sell,2026-04-07T19:24:47.419087Z,2026-04-07T19:24:47.474703
794942869,ETH-USD,2094.77,0.71616992,sell,2026-04-07T19:24:47.482223Z,2026-04-07T19:24:47.536308
794942870,ETH-USD,2094.83,0.02386694,sell,2026-04-07T19:24:47.482223Z,2026-04-07T19:24:47.539075
794942871,ETH-USD,2094.84,0.26046075,sell,2026-04-07T19:24:47.482223Z,2026-04-07T19:24:47.542717
794942872,ETH-USD,2094.84,0.71604513,sell,2026-04-07T19:24:47.495124Z,2026-04-07T19:24:47.546860
794942873,ETH-USD,2094.84,0.28445248,sell,2026-04-07T19:24:47.495124Z,2026-04-07T19:24:47.550384
794942874,ETH-USD,2094.87,0.71616992,sell,2026-04-07T19:24:47.595759Z,2026-04-07T19:24:47.649235
995584897,BTC-USD,68555.42,0.0175714,sell,2026-04-07T19:24:47.614892Z,2026-04-07T19:24:47.672390
995584898,BTC-USD,68555.42,0.00018219,sell,2026-04-07T19:24:47.614892Z,2026-04-07T19:24:47.676172
995584899,BTC-USD,68555.43,0.0179184,sell,2026-04-07T19:24:47.614892Z,2026-04-07T19:24:47.679303
995584900,BTC-USD,68555.43,0.00002825,sell,2026-04-07T19:24:47.614892Z,2026-04-07T19:24:47.683545
995584901,BTC-USD,68555.44,0.0179184,sell,2026-04-07T19:24:47.614892Z,2026-04-07T19:24:47.686636
995584902,BTC-USD,68561.42,0.00000002,buy,2026-04-07T19:24:47.737521Z,2026-04-07T19:24:47.791063
331384144,SOL-USD,80.6,0.7,buy,2026-04-07T19:24:47.765237Z,2026-04-07T19:24:47.820575
794942875,ETH-USD,2094.96,0.001,sell,2026-04-07T19:24:47.765272Z,2026-04-07T19:24:47.823143
794942876,ETH-USD,2094.96,0.00360826,sell,2026-04-07T19:24:47.765272Z,2026-04-07T19:24:47.826933
995584903,BTC-USD,68561.51,0.043756,buy,2026-04-07T19:24:47.912999Z,2026-04-07T19:24:47.977991
995584904,BTC-USD,68561.51,0.00000002,buy,2026-04-07T19:24:48.196934Z,2026-04-07T19:24:48.250544
995584905,BTC-USD,68560.02,0.04375728,buy,2026-04-07T19:24:48.324219Z,2026-04-07T19:24:48.375092
995584906,BTC-USD,68560.02,0.00072919,buy,2026-04-07T19:24:48.324219Z,2026-04-07T19:24:48.378681
995584907,BTC-USD,68560,0.0131,buy,2026-04-07T19:24:48.431717Z,2026-04-07T19:24:48.484057
995584908,BTC-USD,68560,0.0131,buy,2026-04-07T19:24:48.487512Z,2026-04-07T19:24:48.544157
794942877,ETH-USD,2094.96,0.71256166,sell,2026-04-07T19:24:48.499515Z,2026-04-07T19:24:48.550489
995584909,BTC-USD,68562.41,0.00073663,buy,2026-04-07T19:24:48.602424Z,2026-04-07T19:24:48.654485
331384145,SOL-USD,80.61,0.36029474,sell,2026-04-07T19:24:48.621176Z,2026-04-07T19:24:48.675168
331384146,SOL-USD,80.61,0.04583859,sell,2026-04-07T19:24:48.621176Z,2026-04-07T19:24:48.679261
331384147,SOL-USD,80.61,0.014,sell,2026-04-07T19:24:48.621176Z,2026-04-07T19:24:48.680578
331384148,SOL-USD,80.61,0.17270328,sell,2026-04-07T19:24:48.621176Z,2026-04-07T19:24:48.685605
995584910,BTC-USD,68563.52,0.000017,sell,2026-04-07T19:24:48.627017Z,2026-04-07T19:24:48.688964
995584911,BTC-USD,68564.82,0.00067473,sell,2026-04-07T19:24:48.627017Z,2026-04-07T19:24:48.692103
995584912,BTC-USD,68563,0.00000004,buy,2026-04-07T19:24:48.629612Z,2026-04-07T19:24:48.694662
995584913,BTC-USD,68564.99,0.00036462,buy,2026-04-07T19:24:48.831692Z,2026-04-07T19:24:48.883780
995584914,BTC-USD,68562.41,0.00010132,buy,2026-04-07T19:24:48.831692Z,2026-04-07T19:24:48.887582
995584915,BTC-USD,68561.06,0.00000003,buy,2026-04-07T19:24:49.136262Z,2026-04-07T19:24:49.188915
331384149,SOL-USD,80.61,0.30600447,sell,2026-04-07T19:24:49.286384Z,2026-04-07T19:24:49.337111
995584916,BTC-USD,68561.35,0.000222,sell,2026-04-07T19:24:49.383683Z,2026-04-07T19:24:49.436749
794942878,ETH-USD,2094.96,0.0283585,sell,2026-04-07T19:24:49.408030Z,2026-04-07T19:24:49.459196
995584917,BTC-USD,68561.34,0.00000003,buy,2026-04-07T19:24:49.616288Z,2026-04-07T19:24:49.676025
331384150,SOL-USD,80.61,0.23533995,sell,2026-04-07T19:24:49.650415Z,2026-04-07T19:24:49.706759
331384151,SOL-USD,80.61,0.26895626,sell,2026-04-07T19:24:49.727946Z,2026-04-07T19:24:49.780762
331384152,SOL-USD,80.61,0.00583859,sell,2026-04-07T19:24:49.727946Z,2026-04-07T19:24:49.784362
331384153,SOL-USD,80.61,0.60774330,sell,2026-04-07T19:24:49.727946Z,2026-04-07T19:24:49.790155
794942879,ETH-USD,2094.96,0.68774192,sell,2026-04-07T19:24:49.915579Z,2026-04-07T19:24:49.967866
794942880,ETH-USD,2094.97,0.31275569,sell,2026-04-07T19:24:49.915579Z,2026-04-07T19:24:49.971305
995584918,BTC-USD,68561.35,0.00036464,sell,2026-04-07T19:24:49.924239Z,2026-04-07T19:24:49.977009
995584919,BTC-USD,68562.45,0.01458524,sell,2026-04-07T19:24:49.924245Z,2026-04-07T19:24:49.980565
995584920,BTC-USD,68563.75,0.01020983,sell,2026-04-07T19:24:49.925970Z,2026-04-07T19:24:49.990074
794942881,ETH-USD,2095.04,0.001,sell,2026-04-07T19:24:49.926807Z,2026-04-07T19:24:49.999483
794942882,ETH-USD,2095.04,0.71610042,sell,2026-04-07T19:24:49.926807Z,2026-04-07T19:24:50.005188
794942883,ETH-USD,2095.07,0.21497774,sell,2026-04-07T19:24:49.926807Z,2026-04-07T19:24:50.012656
794942884,ETH-USD,2095.1,0.06841945,sell,2026-04-07T19:24:49.926807Z,2026-04-07T19:24:50.015173
794942885,ETH-USD,2095.1,0.64053389,sell,2026-04-07T19:24:49.927349Z,2026-04-07T19:24:50.020808
794942886,ETH-USD,2095.12,0.001,sell,2026-04-07T19:24:49.937388Z,2026-04-07T19:24:50.022050
794942887,ETH-USD,2095.17,0.48806334,sell,2026-04-07T19:24:49.937388Z,2026-04-07T19:24:50.025903
794942888,ETH-USD,2095.18,0.51143427,sell,2026-04-07T19:24:49.937388Z,2026-04-07T19:24:50.031605
794942889,ETH-USD,2095.12,0.21497774,sell,2026-04-07T19:24:49.943647Z,2026-04-07T19:24:50.037800
794942890,ETH-USD,2095.12,0.00178624,sell,2026-04-07T19:24:49.943647Z,2026-04-07T19:24:50.040663
995584921,BTC-USD,68566.86,0.000017,sell,2026-04-07T19:24:49.944070Z,2026-04-07T19:24:50.046179
995584922,BTC-USD,68567.32,0.001569,sell,2026-04-07T19:24:49.944070Z,2026-04-07T19:24:50.061049
794942891,ETH-USD,2095.12,0.71431418,sell,2026-04-07T19:24:49.944088Z,2026-04-07T19:24:50.082782
794942892,ETH-USD,2095.18,0.08956573,sell,2026-04-07T19:24:49.944088Z,2026-04-07T19:24:50.090016
794942893,ETH-USD,2095.19,0.21552654,sell,2026-04-07T19:24:49.944088Z,2026-04-07T19:24:50.092817
794942894,ETH-USD,2095.2,0.001,sell,2026-04-07T19:24:49.944088Z,2026-04-07T19:24:50.096168
794942895,ETH-USD,2095.25,0.21497774,sell,2026-04-07T19:24:49.944088Z,2026-04-07T19:24:50.101550
794942896,ETH-USD,2095.25,0.02386694,sell,2026-04-07T19:24:49.944088Z,2026-04-07T19:24:50.107580
794942897,ETH-USD,2095.27,0.2,sell,2026-04-07T19:24:49.944088Z,2026-04-07T19:24:50.116349
794942898,ETH-USD,2095.27,0.1,sell,2026-04-07T19:24:49.944088Z,2026-04-07T19:24:50.123191
794942899,ETH-USD,2095.28,0.001,sell,2026-04-07T19:24:49.944088Z,2026-04-07T19:24:50.127156
794942900,ETH-USD,2095.31,1.7677795,sell,2026-04-07T19:24:49.944088Z,2026-04-07T19:24:50.130160
794942901,ETH-USD,2095.31,0.46221326,sell,2026-04-07T19:24:49.944088Z,2026-04-07T19:24:50.134297
794942902,ETH-USD,2095.31,2.16543,sell,2026-04-07T19:24:49.948387Z,2026-04-07T19:24:50.137311
794942903,ETH-USD,2095.3,0.56778,buy,2026-04-07T19:24:49.950816Z,2026-04-07T19:24:50.139762
794942904,ETH-USD,2095.3,0.01276336,buy,2026-04-07T19:24:49.950816Z,2026-04-07T19:24:50.142921
794942905,ETH-USD,2095.3,1.56040296,buy,2026-04-07T19:24:49.954161Z,2026-04-07T19:24:50.144241
794942906,ETH-USD,2095.3,3.43283368,buy,2026-04-07T19:24:49.954869Z,2026-04-07T19:24:50.146763
794942907,ETH-USD,2095.3,0.36331808,buy,2026-04-07T19:24:49.954869Z,2026-04-07T19:24:50.151187
331384154,SOL-USD,80.61,0.00015068,sell,2026-04-07T19:24:49.955182Z,2026-04-07T19:24:50.154213
331384155,SOL-USD,80.61,0.03433515,sell,2026-04-07T19:24:49.955182Z,2026-04-07T19:24:50.155570
794942908,ETH-USD,2095.3,0.19754237,buy,2026-04-07T19:24:49.957489Z,2026-04-07T19:24:50.159053
794942909,ETH-USD,2095.28,0.62159695,buy,2026-04-07T19:24:49.957489Z,2026-04-07T19:24:50.161404
794942910,ETH-USD,2095.27,0.62159695,buy,2026-04-07T19:24:49.957489Z,2026-04-07T19:24:50.163921
794942911,ETH-USD,2095.26,1.00049761,buy,2026-04-07T19:24:49.957489Z,2026-04-07T19:24:50.169881
794942912,ETH-USD,2095.25,0.76549761,buy,2026-04-07T19:24:49.957489Z,2026-04-07T19:24:50.174717
794942913,ETH-USD,2095.3,0.3726568,buy,2026-04-07T19:24:49.960601Z,2026-04-07T19:24:50.175964
794942914,ETH-USD,2095.3,0.0433339,buy,2026-04-07T19:24:49.963163Z,2026-04-07T19:24:50.179297
794942915,ETH-USD,2095.29,0.24832559,buy,2026-04-07T19:24:49.963163Z,2026-04-07T19:24:50.184005
794942916,ETH-USD,2095.3,0.56778,buy,2026-04-07T19:24:49.963352Z,2026-04-07T19:24:50.185246
794942917,ETH-USD,2095.29,0.0675446,buy,2026-04-07T19:24:49.963352Z,2026-04-07T19:24:50.189124
794942918,ETH-USD,2095.3,0.05403329,buy,2026-04-07T19:24:49.966584Z,2026-04-07T19:24:50.192822
794942919,ETH-USD,2095.3,0.71146432,buy,2026-04-07T19:24:49.966703Z,2026-04-07T19:24:50.196356
794942920,ETH-USD,2095.29,0.27612051,buy,2026-04-07T19:24:49.966703Z,2026-04-07T19:24:50.200572
794942921,ETH-USD,2095.27,0.00527240,buy,2026-04-07T19:24:49.966703Z,2026-04-07T19:24:50.201688
794942922,ETH-USD,2095.3,0.41485159,buy,2026-04-07T19:24:49.969644Z,2026-04-07T19:24:50.208206
794942923,ETH-USD,2095.29,0.56952796,buy,2026-04-07T19:24:49.969791Z,2026-04-07T19:24:50.209797
794942924,ETH-USD,2095.29,0.47209016,buy,2026-04-07T19:24:49.969791Z,2026-04-07T19:24:50.213480
794942925,ETH-USD,2095.3,0.1099721,buy,2026-04-07T19:24:49.973117Z,2026-04-07T19:24:50.216023
794942926,ETH-USD,2095.3,0.56778,buy,2026-04-07T19:24:49.973347Z,2026-04-07T19:24:50.219192
794942927,ETH-USD,2095.3,0.5647209,buy,2026-04-07T19:24:49.973347Z,2026-04-07T19:24:50.226135
794942928,ETH-USD,2095.29,0.29240745,buy,2026-04-07T19:24:49.973347Z,2026-04-07T19:24:50.233267
794942929,ETH-USD,2095.29,0.19725227,buy,2026-04-07T19:24:49.973347Z,2026-04-07T19:24:50.235103
794942930,ETH-USD,2095.28,0.76349761,buy,2026-04-07T19:24:49.976292Z,2026-04-07T19:24:50.242491
794942931,ETH-USD,2095.27,0.76022521,buy,2026-04-07T19:24:49.976292Z,2026-04-07T19:24:50.244475
794942932,ETH-USD,2095.22,0.73848,sell,2026-04-07T19:24:50.026297Z,2026-04-07T19:24:50.252135
794942933,ETH-USD,2095.22,0.26201761,sell,2026-04-07T19:24:50.026297Z,2026-04-07T19:24:50.253893
995584923,BTC-USD,68568.56,0.00000002,buy,2026-04-07T19:24:50.039119Z,2026-04-07T19:24:50.258243
331384156,SOL-USD,80.62,0.014,sell,2026-04-07T19:24:50.044202Z,2026-04-07T19:24:50.261806
794942934,ETH-USD,2095.22,0.71610042,sell,2026-04-07T19:24:50.044813Z,2026-04-07T19:24:50.264169
794942935,ETH-USD,2095.3,0.5,sell,2026-04-07T19:24:50.044813Z,2026-04-07T19:24:50.268899
794942936,ETH-USD,2095.3,1.44403569,sell,2026-04-07T19:24:50.044813Z,2026-04-07T19:24:50.278063
995584924,BTC-USD,68568.57,0.00000023,sell,2026-04-07T19:24:50.045730Z,2026-04-07T19:24:50.280437
995584925,BTC-USD,68570.2,0.000017,sell,2026-04-07T19:24:50.045730Z,2026-04-07T19:24:50.290525
995584926,BTC-USD,68570.63,0.00776,sell,2026-04-07T19:24:50.045730Z,2026-04-07T19:24:50.294107
995584927,BTC-USD,68572.71,0.001568,sell,2026-04-07T19:24:50.064020Z,2026-04-07T19:24:50.298483
995584928,BTC-USD,68573.54,0.000017,sell,2026-04-07T19:24:50.064020Z,2026-04-07T19:24:50.303615
995584929,BTC-USD,68574.03,0.01552,sell,2026-04-07T19:24:50.064020Z,2026-04-07T19:24:50.308408
995584930,BTC-USD,68575.56,0.01444076,sell,2026-04-07T19:24:50.204997Z,2026-04-07T19:24:50.316023
794942937,ETH-USD,2095.36,0.001,sell,2026-04-07T19:24:50.393610Z,2026-04-07T19:24:50.447736
995584931,BTC-USD,68575.55,0.00000002,buy,2026-04-07T19:24:50.532845Z,2026-04-07T19:24:50.587195
794942938,ETH-USD,2095.34,0.00697261,sell,2026-04-07T19:24:50.851159Z,2026-04-07T19:24:50.904076
995584932,BTC-USD,68575.56,0.00006859,sell,2026-04-07T19:24:50.960974Z,2026-04-07T19:24:51.013227
995584933,BTC-USD,68575.55,0.00000005,buy,2026-04-07T19:24:51.017232Z,2026-04-07T19:24:51.075772
995584934,BTC-USD,68575.55,0.00000003,buy,2026-04-07T19:24:51.460291Z,2026-04-07T19:24:51.512395
995584935,BTC-USD,68575.56,0.00216616,sell,2026-04-07T19:24:51.510582Z,2026-04-07T19:24:51.563002
995584936,BTC-USD,68572.02,0.00000004,buy,2026-04-07T19:24:51.947132Z,2026-04-07T19:24:51.999768
331384157,SOL-USD,80.62,0.61304,sell,2026-04-07T19:24:52.302853Z,2026-04-07T19:24:52.357905
331384158,SOL-USD,80.62,0.61304,sell,2026-04-07T19:24:52.302896Z,2026-04-07T19:24:52.361399
995584937,BTC-USD,68572.03,0.00026454,sell,2026-04-07T19:24:52.454266Z,2026-04-07T19:24:52.512217
995584938,BTC-USD,68572.04,0.00002823,sell,2026-04-07T19:24:52.454266Z,2026-04-07T19:24:52.515783
995584939,BTC-USD,68572.04,0.00000001,sell,2026-04-07T19:24:52.454575Z,2026-04-07T19:24:52.518562
995584940,BTC-USD,68572.02,0.00000002,buy,2026-04-07T19:24:52.456280Z,2026-04-07T19:24:52.523649
794942939,ETH-USD,2095.21,0.71588756,sell,2026-04-07T19:24:52.617765Z,2026-04-07T19:24:52.669265
995584941,BTC-USD,68575.99,0.00014638,sell,2026-04-07T19:24:52.624004Z,2026-04-07T19:24:52.678813
995584942,BTC-USD,68576.87,0.00155922,sell,2026-04-07T19:24:52.639500Z,2026-04-07T19:24:52.694049
995584943,BTC-USD,68576.87,0.000099,sell,2026-04-07T19:24:52.673558Z,2026-04-07T19:24:52.725292
331384159,SOL-USD,80.62,0.810462,sell,2026-04-07T19:24:52.673709Z,2026-04-07T19:24:52.728403
331384160,SOL-USD,80.62,0.00000053,sell,2026-04-07T19:24:52.721350Z,2026-04-07T19:24:52.772891
331384161,SOL-USD,80.63,0.014,sell,2026-04-07T19:24:52.721350Z,2026-04-07T19:24:52.777644
331384162,SOL-USD,80.63,0.00433515,sell,2026-04-07T19:24:52.721350Z,2026-04-07T19:24:52.783104
331384163,SOL-USD,80.63,6.20126199,sell,2026-04-07T19:24:52.721350Z,2026-04-07T19:24:52.788376
794942940,ETH-USD,2095.4,0.71585377,sell,2026-04-07T19:24:52.722633Z,2026-04-07T19:24:52.794554
794942941,ETH-USD,2095.4,0.28464384,sell,2026-04-07T19:24:52.722633Z,2026-04-07T19:24:52.802233
331384164,SOL-USD,80.64,0.014,sell,2026-04-07T19:24:52.733549Z,2026-04-07T19:24:52.807489
331384165,SOL-USD,80.64,15.504245,sell,2026-04-07T19:24:52.733549Z,2026-04-07T19:24:52.816675
794942942,ETH-USD,2095.4,0.71588756,sell,2026-04-07T19:24:52.742184Z,2026-04-07T19:24:52.827506
794942943,ETH-USD,2095.44,0.001,sell,2026-04-07T19:24:52.744294Z,2026-04-07T19:24:52.832983
995584944,BTC-USD,68576.88,0.000017,sell,2026-04-07T19:24:52.750389Z,2026-04-07T19:24:52.837139
995584945,BTC-USD,68576.88,0.0176184,sell,2026-04-07T19:24:52.750389Z,2026-04-07T19:24:52.841363
995584946,BTC-USD,68580.22,0.000017,sell,2026-04-07T19:24:52.794203Z,2026-04-07T19:24:52.847142
995584947,BTC-USD,68582.19,0.00499997,sell,2026-04-07T19:24:52.794203Z,2026-04-07T19:24:52.852512
794942944,ETH-USD,2095.52,0.001,sell,2026-04-07T19:24:52.794951Z,2026-04-07T19:24:52.859096
794942945,ETH-USD,2095.6,0.001,sell,2026-04-07T19:24:52.805531Z,2026-04-07T19:24:52.862764
794942946,ETH-USD,2095.68,0.001,sell,2026-04-07T19:24:52.817513Z,2026-04-07T19:24:52.875344
794942947,ETH-USD,2095.73,0.34316484,sell,2026-04-07T19:24:52.828027Z,2026-04-07T19:24:52.881772
995584948,BTC-USD,68582.9,0.00000023,sell,2026-04-07T19:24:52.855240Z,2026-04-07T19:24:52.912362
995584949,BTC-USD,68583.11,0.00000023,sell,2026-04-07T19:24:52.855240Z,2026-04-07T19:24:52.915098
995584950,BTC-USD,68583.27,0.00000023,sell,2026-04-07T19:24:52.855240Z,2026-04-07T19:24:52.917392
995584951,BTC-USD,68583.55,0.001568,sell,2026-04-07T19:24:52.855240Z,2026-04-07T19:24:52.920747
995584952,BTC-USD,68583.56,0.000017,sell,2026-04-07T19:24:52.855240Z,2026-04-07T19:24:52.923281
995584953,BTC-USD,68583.57,0.00000023,sell,2026-04-07T19:24:52.855240Z,2026-04-07T19:24:52.927802
995584954,BTC-USD,68583.58,0.00000023,sell,2026-04-07T19:24:52.855240Z,2026-04-07T19:24:52.930913
794942948,ETH-USD,2095.76,0.001,sell,2026-04-07T19:24:52.856452Z,2026-04-07T19:24:52.936526
794942949,ETH-USD,2095.76,0.71587069,sell,2026-04-07T19:24:52.856452Z,2026-04-07T19:24:52.938338
331384166,SOL-USD,80.65,0.014,sell,2026-04-07T19:24:52.864352Z,2026-04-07T19:24:52.943764
995584955,BTC-USD,68586.88,0.00000023,sell,2026-04-07T19:24:52.891536Z,2026-04-07T19:24:52.961678
995584956,BTC-USD,68586.9,0.000017,sell,2026-04-07T19:24:52.891536Z,2026-04-07T19:24:52.971236
995584957,BTC-USD,68586.9,0.00000023,sell,2026-04-07T19:24:52.891536Z,2026-04-07T19:24:52.991733
794942950,ETH-USD,2095.84,0.001,sell,2026-04-07T19:24:52.892183Z,2026-04-07T19:24:52.999273
794942951,ETH-USD,2095.84,0.71570348,sell,2026-04-07T19:24:52.892183Z,2026-04-07T19:24:53.002040
794942952,ETH-USD,2095.84,0.28379413,sell,2026-04-07T19:24:52.892183Z,2026-04-07T19:24:53.009166
794942953,ETH-USD,2095.84,0.43207656,sell,2026-04-07T19:24:52.892917Z,2026-04-07T19:24:53.014318
794942954,ETH-USD,2095.85,0.17158242,sell,2026-04-07T19:24:52.892917Z,2026-04-07T19:24:53.017956
794942955,ETH-USD,2095.86,0.21497774,sell,2026-04-07T19:24:52.892917Z,2026-04-07T19:24:53.020497
794942956,ETH-USD,2095.87,0.601,sell,2026-04-07T19:24:52.892917Z,2026-04-07T19:24:53.024443
794942957,ETH-USD,2095.91,0.02335,buy,2026-04-07T19:24:52.900159Z,2026-04-07T19:24:53.031024
794942958,ETH-USD,2095.91,0.02335,buy,2026-04-07T19:24:52.900334Z,2026-04-07T19:24:53.034484
794942959,ETH-USD,2095.92,0.001,sell,2026-04-07T19:24:52.904988Z,2026-04-07T19:24:53.040323
794942960,ETH-USD,2095.98,1.13172754,buy,2026-04-07T19:24:52.911590Z,2026-04-07T19:24:53.044474
794942961,ETH-USD,2095.98,1.52749778,buy,2026-04-07T19:24:52.914591Z,2026-04-07T19:24:53.051953
794942962,ETH-USD,2095.98,1.3921695,buy,2026-04-07T19:24:52.917491Z,2026-04-07T19:24:53.055919
995584958,BTC-USD,68590.21,0.00000003,buy,2026-04-07T19:24:52.959737Z,2026-04-07T19:24:53.059336
331384167,SOL-USD,80.66,0.014,sell,2026-04-07T19:24:52.971709Z,2026-04-07T19:24:53.064170
331384168,SOL-USD,80.67,0.014,sell,2026-04-07T19:24:52.971709Z,2026-04-07T19:24:53.067006
331384169,SOL-USD,80.68,1.20028706,sell,2026-04-07T19:24:52.971709Z,2026-04-07T19:24:53.068546
995584959,BTC-USD,68590.22,0.0175184,sell,2026-04-07T19:24:53.017715Z,2026-04-07T19:24:53.078100
995584960,BTC-USD,68590.24,0.000017,sell,2026-04-07T19:24:53.017715Z,2026-04-07T19:24:53.080622
995584961,BTC-USD,68590.24,0.0175184,sell,2026-04-07T19:24:53.017715Z,2026-04-07T19:24:53.081829
995584962,BTC-USD,68591.01,0.001567,sell,2026-04-07T19:24:53.024710Z,2026-04-07T19:24:53.085926
995584963,BTC-USD,68592.01,0.00000006,buy,2026-04-07T19:24:53.392508Z,2026-04-07T19:24:53.444977
995584964,BTC-USD,68593.57,0.00005209,buy,2026-04-07T19:24:53.704846Z,2026-04-07T19:24:53.787114
995584965,BTC-USD,68593.38,0.00000005,buy,2026-04-07T19:24:53.840425Z,2026-04-07T19:24:53.909846
331384170,SOL-USD,80.68,0.014,sell,2026-04-07T19:24:53.857847Z,2026-04-07T19:24:53.913810
331384171,SOL-USD,80.68,0.28730969,sell,2026-04-07T19:24:53.857847Z,2026-04-07T19:24:53.916220
995584966,BTC-USD,68593.39,0.0173184,sell,2026-04-07T19:24:54.013432Z,2026-04-07T19:24:54.107491
995584967,BTC-USD,68593.39,0.00015792,sell,2026-04-07T19:24:54.013432Z,2026-04-07T19:24:54.111010
995584968,BTC-USD,68593.4,0.0173184,sell,2026-04-07T19:24:54.013432Z,2026-04-07T19:24:54.113921
995584969,BTC-USD,68593.41,0.0173184,sell,2026-04-07T19:24:54.013432Z,2026-04-07T19:24:54.117951
995584970,BTC-USD,68593.42,0.0173184,sell,2026-04-07T19:24:54.013432Z,2026-04-07T19:24:54.123675
995584971,BTC-USD,68593.57,0.0174184,sell,2026-04-07T19:24:54.017004Z,2026-04-07T19:24:54.132995
995584972,BTC-USD,68593.58,0.00001698,sell,2026-04-07T19:24:54.017004Z,2026-04-07T19:24:54.135634
995584973,BTC-USD,68593.58,0.00000002,sell,2026-04-07T19:24:54.017394Z,2026-04-07T19:24:54.139521
995584974,BTC-USD,68596.01,0.00144366,sell,2026-04-07T19:24:54.051678Z,2026-04-07T19:24:54.144275
331384172,SOL-USD,80.68,0.0004656,sell,2026-04-07T19:24:54.142190Z,2026-04-07T19:24:54.193720
331384173,SOL-USD,80.68,0.01,sell,2026-04-07T19:24:54.142190Z,2026-04-07T19:24:54.205327
995584975,BTC-USD,68594.61,0.00000003,buy,2026-04-07T19:24:54.254758Z,2026-04-07T19:24:54.307354
995584976,BTC-USD,68594.62,0.0000001,sell,2026-04-07T19:24:54.265722Z,2026-04-07T19:24:54.319564
331384174,SOL-USD,80.69,0.014,sell,2026-04-07T19:24:54.344114Z,2026-04-07T19:24:54.395224
331384175,SOL-USD,80.69,6.19853103,sell,2026-04-07T19:24:54.344114Z,2026-04-07T19:24:54.398442
331384176,SOL-USD,80.69,0.31896758,sell,2026-04-07T19:24:54.344114Z,2026-04-07T19:24:54.403186
331384177,SOL-USD,80.69,3.47564122,buy,2026-04-07T19:24:54.347719Z,2026-04-07T19:24:54.404470
794942963,ETH-USD,2095.94,0.71569773,sell,2026-04-07T19:24:54.350085Z,2026-04-07T19:24:54.407505
794942964,ETH-USD,2096,0.001,sell,2026-04-07T19:24:54.402500Z,2026-04-07T19:24:54.455491
794942965,ETH-USD,2096,0.71569773,sell,2026-04-07T19:24:54.402500Z,2026-04-07T19:24:54.458782
794942966,ETH-USD,2096.08,0.001,sell,2026-04-07T19:24:54.435454Z,2026-04-07T19:24:54.488523
794942967,ETH-USD,2096.08,0.71569773,sell,2026-04-07T19:24:54.435454Z,2026-04-07T19:24:54.492445
794942968,ETH-USD,2096.09,0.28379988,sell,2026-04-07T19:24:54.435454Z,2026-04-07T19:24:54.493610
794942969,ETH-USD,2096.09,0.73848,buy,2026-04-07T19:24:54.585576Z,2026-04-07T19:24:54.639674
331384178,SOL-USD,80.68,21.33491209,buy,2026-04-07T19:24:54.724968Z,2026-04-07T19:24:54.779149
331384179,SOL-USD,80.68,81.22911308,buy,2026-04-07T19:24:54.724968Z,2026-04-07T19:24:54.786946
331384180,SOL-USD,80.68,3.9,buy,2026-04-07T19:24:54.724968Z,2026-04-07T19:24:54.791330
995584977,BTC-USD,68596.01,0.00000014,buy,2026-04-07T19:24:54.742835Z,2026-04-07T19:24:54.795983
794942970,ETH-USD,2095.96,0.02318873,sell,2026-04-07T19:24:55.059044Z,2026-04-07T19:24:55.112753
995584978,BTC-USD,68596.01,0.00000005,buy,2026-04-07T19:24:55.123415Z,2026-04-07T19:24:55.185306
995584979,BTC-USD,68596.01,0.00638760,buy,2026-04-07T19:24:55.132075Z,2026-04-07T19:24:55.196928
995584980,BTC-USD,68596.01,0.00007026,buy,2026-04-07T19:24:55.132075Z,2026-04-07T19:24:55.198494
995584981,BTC-USD,68594.98,0.01457833,buy,2026-04-07T19:24:55.132075Z,2026-04-07T19:24:55.201999
995584982,BTC-USD,68593.62,0.00072919,buy,2026-04-07T19:24:55.132075Z,2026-04-07T19:24:55.206096
995584983,BTC-USD,68593.61,0.00705302,buy,2026-04-07T19:24:55.132075Z,2026-04-07T19:24:55.210975
995584984,BTC-USD,68593.61,0.00315165,buy,2026-04-07T19:24:55.132272Z,2026-04-07T19:24:55.219897
331384181,SOL-USD,80.67,2.1026203,buy,2026-04-07T19:24:55.153006Z,2026-04-07T19:24:55.227644
331384182,SOL-USD,80.67,10.00713983,buy,2026-04-07T19:24:55.153006Z,2026-04-07T19:24:55.236127
331384183,SOL-USD,80.67,10.00713983,buy,2026-04-07T19:24:55.153006Z,2026-04-07T19:24:55.244353
331384184,SOL-USD,80.67,3.72687566,buy,2026-04-07T19:24:55.153006Z,2026-04-07T19:24:55.245936
331384185,SOL-USD,80.67,1.46847375,buy,2026-04-07T19:24:55.164911Z,2026-04-07T19:24:55.249541
331384186,SOL-USD,80.67,1.37544998,buy,2026-04-07T19:24:55.167468Z,2026-04-07T19:24:55.253123
331384187,SOL-USD,80.67,1.87153589,buy,2026-04-07T19:24:55.170962Z,2026-04-07T19:24:55.257476
331384188,SOL-USD,80.67,0.22625146,buy,2026-04-07T19:24:55.185662Z,2026-04-07T19:24:55.260491
794942971,ETH-USD,2095.95,0.019454,buy,2026-04-07T19:24:55.185677Z,2026-04-07T19:24:55.336005
331384189,SOL-USD,80.67,0.67855309,buy,2026-04-07T19:24:55.187825Z,2026-04-07T19:24:55.337385
331384190,SOL-USD,80.67,9.16437811,buy,2026-04-07T19:24:55.187825Z,2026-04-07T19:24:55.346581
331384191,SOL-USD,80.67,0.78425251,buy,2026-04-07T19:24:55.189314Z,2026-04-07T19:24:55.353492
331384192,SOL-USD,80.67,0.05850921,buy,2026-04-07T19:24:55.190537Z,2026-04-07T19:24:55.360949
331384193,SOL-USD,80.67,0.67480739,buy,2026-04-07T19:24:55.190537Z,2026-04-07T19:24:55.368142
331384194,SOL-USD,80.67,0.91981096,buy,2026-04-07T19:24:55.192205Z,2026-04-07T19:24:55.369701
331384195,SOL-USD,80.67,0.86301928,buy,2026-04-07T19:24:55.193471Z,2026-04-07T19:24:55.375430
331384196,SOL-USD,80.67,1.9079348,buy,2026-04-07T19:24:55.196485Z,2026-04-07T19:24:55.381736
331384197,SOL-USD,80.67,1.86639271,buy,2026-04-07T19:24:55.199602Z,2026-04-07T19:24:55.389582
331384198,SOL-USD,80.67,1.10787528,buy,2026-04-07T19:24:55.202746Z,2026-04-07T19:24:55.394955
331384199,SOL-USD,80.67,0.83729941,buy,2026-04-07T19:24:55.203278Z,2026-04-07T19:24:55.397367
331384200,SOL-USD,80.67,0.41743035,buy,2026-04-07T19:24:55.203278Z,2026-04-07T19:24:55.399922
331384201,SOL-USD,80.67,0.74662824,buy,2026-04-07T19:24:55.204508Z,2026-04-07T19:24:55.403062
331384202,SOL-USD,80.67,1.15079459,buy,2026-04-07T19:24:55.206428Z,2026-04-07T19:24:55.405896
331384203,SOL-USD,80.67,1.08183081,buy,2026-04-07T19:24:55.208177Z,2026-04-07T19:24:55.410261
331384204,SOL-USD,80.67,2.52962068,buy,2026-04-07T19:24:55.212115Z,2026-04-07T19:24:55.413335
331384205,SOL-USD,80.67,1.64679063,buy,2026-04-07T19:24:55.215064Z,2026-04-07T19:24:55.419382
331384206,SOL-USD,80.67,0.80450105,buy,2026-04-07T19:24:55.216114Z,2026-04-07T19:24:55.422965
331384207,SOL-USD,80.67,0.81244887,buy,2026-04-07T19:24:55.217712Z,2026-04-07T19:24:55.425191
331384208,SOL-USD,80.67,0.81709461,buy,2026-04-07T19:24:55.219076Z,2026-04-07T19:24:55.427498
331384209,SOL-USD,80.67,0.07761842,buy,2026-04-07T19:24:55.219076Z,2026-04-07T19:24:55.430803
331384210,SOL-USD,80.67,1.52841948,buy,2026-04-07T19:24:55.221630Z,2026-04-07T19:24:55.432992
331384211,SOL-USD,80.67,3.35989747,buy,2026-04-07T19:24:55.226544Z,2026-04-07T19:24:55.435244
331384212,SOL-USD,80.67,0.81016673,buy,2026-04-07T19:24:55.227974Z,2026-04-07T19:24:55.438410
331384213,SOL-USD,80.67,0.75804822,buy,2026-04-07T19:24:55.229508Z,2026-04-07T19:24:55.442786
331384214,SOL-USD,80.67,0.95501549,buy,2026-04-07T19:24:55.232844Z,2026-04-07T19:24:55.443877
331384215,SOL-USD,80.67,1.66674105,buy,2026-04-07T19:24:55.236242Z,2026-04-07T19:24:55.448859
331384216,SOL-USD,80.67,0.64672988,buy,2026-04-07T19:24:55.236584Z,2026-04-07T19:24:55.451419
331384217,SOL-USD,80.67,0.20450309,buy,2026-04-07T19:24:55.238648Z,2026-04-07T19:24:55.454756
331384218,SOL-USD,80.67,1.08771769,buy,2026-04-07T19:24:55.238648Z,2026-04-07T19:24:55.456407
331384219,SOL-USD,80.67,1.07762985,buy,2026-04-07T19:24:55.239505Z,2026-04-07T19:24:55.458845
331384220,SOL-USD,80.67,0.72923764,buy,2026-04-07T19:24:55.239599Z,2026-04-07T19:24:55.462711
331384221,SOL-USD,80.67,1.27559997,buy,2026-04-07T19:24:55.242173Z,2026-04-07T19:24:55.464038
331384222,SOL-USD,80.67,3.98695468,buy,2026-04-07T19:24:55.244407Z,2026-04-07T19:24:55.466198
331384223,SOL-USD,80.67,4.44739067,buy,2026-04-07T19:24:55.244407Z,2026-04-07T19:24:55.469528
331384224,SOL-USD,80.67,2.74682162,buy,2026-04-07T19:24:55.247718Z,2026-04-07T19:24:55.471723
331384225,SOL-USD,80.67,0.76674415,buy,2026-04-07T19:24:55.248603Z,2026-04-07T19:24:55.474486
331384226,SOL-USD,80.67,0.40618339,buy,2026-04-07T19:24:55.251001Z,2026-04-07T19:24:55.478038
331384227,SOL-USD,80.67,0.84904532,buy,2026-04-07T19:24:55.251001Z,2026-04-07T19:24:55.479128
331384228,SOL-USD,80.67,1.81633835,buy,2026-04-07T19:24:55.253677Z,2026-04-07T19:24:55.481977
331384229,SOL-USD,80.67,1.90921657,buy,2026-04-07T19:24:55.256787Z,2026-04-07T19:24:55.484278
331384230,SOL-USD,80.67,2.81253959,buy,2026-04-07T19:24:55.262379Z,2026-04-07T19:24:55.488344
331384231,SOL-USD,80.67,0.66760964,buy,2026-04-07T19:24:55.262379Z,2026-04-07T19:24:55.489415
331384232,SOL-USD,80.67,1.85485559,buy,2026-04-07T19:24:55.265284Z,2026-04-07T19:24:55.492401
331384233,SOL-USD,80.67,1.13802529,buy,2026-04-07T19:24:55.267644Z,2026-04-07T19:24:55.495648
331384234,SOL-USD,80.67,0.97710797,buy,2026-04-07T19:24:55.269226Z,2026-04-07T19:24:55.498345
331384235,SOL-USD,80.67,1.35788645,buy,2026-04-07T19:24:55.271376Z,2026-04-07T19:24:55.502242
331384236,SOL-USD,80.67,0.73016921,buy,2026-04-07T19:24:55.272703Z,2026-04-07T19:24:55.503869
331384237,SOL-USD,80.67,1.28748233,buy,2026-04-07T19:24:55.274389Z,2026-04-07T19:24:55.506814
331384238,SOL-USD,80.67,0.85577476,buy,2026-04-07T19:24:55.275844Z,2026-04-07T19:24:55.509244
331384239,SOL-USD,80.67,0.31822859,buy,2026-04-07T19:24:55.278629Z,2026-04-07T19:24:55.512674
331384240,SOL-USD,80.67,1.63915520,buy,2026-04-07T19:24:55.278629Z,2026-04-07T19:24:55.515357
331384241,SOL-USD,80.67,1.75959898,buy,2026-04-07T19:24:55.281827Z,2026-04-07T19:24:55.517812
331384242,SOL-USD,80.67,1.14429962,buy,2026-04-07T19:24:55.284162Z,2026-04-07T19:24:55.522334
794942972,ETH-USD,2095.91,0.00035436,sell,2026-04-07T19:24:55.409125Z,2026-04-07T19:24:55.523572
995584985,BTC-USD,68589.47,0.001065,sell,2026-04-07T19:24:55.498174Z,2026-04-07T19:24:55.568388
995584986,BTC-USD,68589.47,0.00036092,sell,2026-04-07T19:24:55.524789Z,2026-04-07T19:24:55.579760
995584987,BTC-USD,68589.46,0.00000003,buy,2026-04-07T19:24:55.628172Z,2026-04-07T19:24:55.706768
331384243,SOL-USD,80.65,0.014,buy,2026-04-07T19:24:55.801993Z,2026-04-07T19:24:55.867949
995584988,BTC-USD,68587.99,0.00036449,buy,2026-04-07T19:24:55.921759Z,2026-04-07T19:24:55.984267
995584989,BTC-USD,68587.98,0.00072919,buy,2026-04-07T19:24:55.921759Z,2026-04-07T19:24:55.987506
995584990,BTC-USD,68587.97,0.02782472,buy,2026-04-07T19:24:55.921759Z,2026-04-07T19:24:55.990278
995584991,BTC-USD,68587.97,0.01591472,buy,2026-04-07T19:24:55.922154Z,2026-04-07T19:24:55.993209
331384244,SOL-USD,80.64,10.00713983,buy,2026-04-07T19:24:56.010586Z,2026-04-07T19:24:56.073801
331384245,SOL-USD,80.64,10.00713983,buy,2026-04-07T19:24:56.010586Z,2026-04-07T19:24:56.077475
331384246,SOL-USD,80.64,8.70713983,buy,2026-04-07T19:24:56.010586Z,2026-04-07T19:24:56.082918
995584992,BTC-USD,68586.91,0.0000001,sell,2026-04-07T19:24:56.025037Z,2026-04-07T19:24:56.090532
331384247,SOL-USD,80.64,10.00713983,buy,2026-04-07T19:24:56.026898Z,2026-04-07T19:24:56.093257
331384248,SOL-USD,80.64,3.20477892,buy,2026-04-07T19:24:56.029174Z,2026-04-07T19:24:56.095488
331384249,SOL-USD,80.64,0.69015501,buy,2026-04-07T19:24:56.030670Z,2026-04-07T19:24:56.098631
331384250,SOL-USD,80.64,0.72737475,buy,2026-04-07T19:24:56.031387Z,2026-04-07T19:24:56.100937
331384251,SOL-USD,80.64,1.18938554,buy,2026-04-07T19:24:56.033485Z,2026-04-07T19:24:56.103151
331384252,SOL-USD,80.64,0.80418155,buy,2026-04-07T19:24:56.034937Z,2026-04-07T19:24:56.106295
331384253,SOL-USD,80.64,2.09144965,buy,2026-04-07T19:24:56.038149Z,2026-04-07T19:24:56.108534
331384254,SOL-USD,80.64,5.09498078,buy,2026-04-07T19:24:56.046310Z,2026-04-07T19:24:56.111427
331384255,SOL-USD,80.64,7.53139075,buy,2026-04-07T19:24:56.058308Z,2026-04-07T19:24:56.114002
331384256,SOL-USD,80.64,0.65485305,buy,2026-04-07T19:24:56.059268Z,2026-04-07T19:24:56.118402
331384257,SOL-USD,80.64,1.03390625,buy,2026-04-07T19:24:56.062513Z,2026-04-07T19:24:56.120786
331384258,SOL-USD,80.64,5.87216497,buy,2026-04-07T19:24:56.070720Z,2026-04-07T19:24:56.124363
331384259,SOL-USD,80.64,1.17736669,buy,2026-04-07T19:24:56.072010Z,2026-04-07T19:24:56.126757
331384260,SOL-USD,80.64,0.88507999,buy,2026-04-07T19:24:56.074134Z,2026-04-07T19:24:56.130353
331384261,SOL-USD,80.64,0.73609065,buy,2026-04-07T19:24:56.075136Z,2026-04-07T19:24:56.132735
331384262,SOL-USD,80.64,1.33601872,buy,2026-04-07T19:24:56.077361Z,2026-04-07T19:24:56.135904
794942973,ETH-USD,2095.84,0.19082467,buy,2026-04-07T19:24:56.081853Z,2026-04-07T19:24:56.139978
995584993,BTC-USD,68586.9,0.00000003,buy,2026-04-07T19:24:56.084827Z,2026-04-07T19:24:56.141083
794942974,ETH-USD,2095.85,0.00224441,sell,2026-04-07T19:24:56.130570Z,2026-04-07T19:24:56.183705
995584994,BTC-USD,68586.91,0.00035427,sell,2026-04-07T19:24:56.139464Z,2026-04-07T19:24:56.192322
331384263,SOL-USD,80.64,28.08213226,buy,2026-04-07T19:24:56.171056Z,2026-04-07T19:24:56.221817
331384264,SOL-USD,80.64,1.95945126,buy,2026-04-07T19:24:56.174213Z,2026-04-07T19:24:56.230124
331384265,SOL-USD,80.64,3.47225819,buy,2026-04-07T19:24:56.180183Z,2026-04-07T19:24:56.233401
331384266,SOL-USD,80.64,2.16364769,buy,2026-04-07T19:24:56.183535Z,2026-04-07T19:24:56.246484
331384267,SOL-USD,80.64,0.89787141,buy,2026-04-07T19:24:56.184906Z,2026-04-07T19:24:56.254568
331384268,SOL-USD,80.64,2.06463789,buy,2026-04-07T19:24:56.187964Z,2026-04-07T19:24:56.265100
331384269,SOL-USD,80.64,1.80535591,buy,2026-04-07T19:24:56.190928Z,2026-04-07T19:24:56.268744
331384270,SOL-USD,80.64,1.72166108,buy,2026-04-07T19:24:56.194674Z,2026-04-07T19:24:56.282951
331384271,SOL-USD,80.64,2.49650732,buy,2026-04-07T19:24:56.197964Z,2026-04-07T19:24:56.307284
331384272,SOL-USD,80.64,1.96278708,buy,2026-04-07T19:24:56.201036Z,2026-04-07T19:24:56.312903
331384273,SOL-USD,80.64,1.96178447,buy,2026-04-07T19:24:56.203736Z,2026-04-07T19:24:56.321171
331384274,SOL-USD,80.64,1.69067894,buy,2026-04-07T19:24:56.206889Z,2026-04-07T19:24:56.335322
331384275,SOL-USD,80.64,1.15319817,buy,2026-04-07T19:24:56.209461Z,2026-04-07T19:24:56.346412
331384276,SOL-USD,80.64,0.7831808,buy,2026-04-07T19:24:56.210553Z,2026-04-07T19:24:56.358795
331384277,SOL-USD,80.64,0.92825831,buy,2026-04-07T19:24:56.211145Z,2026-04-07T19:24:56.366114
331384278,SOL-USD,80.64,1.28115948,buy,2026-04-07T19:24:56.213505Z,2026-04-07T19:24:56.371263
331384279,SOL-USD,80.64,1.26521949,buy,2026-04-07T19:24:56.215409Z,2026-04-07T19:24:56.376168
331384280,SOL-USD,80.64,1.85419891,buy,2026-04-07T19:24:56.219069Z,2026-04-07T19:24:56.379178
331384281,SOL-USD,80.64,1.05124573,buy,2026-04-07T19:24:56.220743Z,2026-04-07T19:24:56.382984
331384282,SOL-USD,80.64,0.05754209,buy,2026-04-07T19:24:56.220743Z,2026-04-07T19:24:56.387924
331384283,SOL-USD,80.64,1.22364025,buy,2026-04-07T19:24:56.222312Z,2026-04-07T19:24:56.392855
331384284,SOL-USD,80.64,6.96421164,buy,2026-04-07T19:24:56.223562Z,2026-04-07T19:24:56.398750
331384285,SOL-USD,80.64,1.59504464,buy,2026-04-07T19:24:56.226320Z,2026-04-07T19:24:56.400496
995584995,BTC-USD,68586.91,0.00034582,sell,2026-04-07T19:24:56.381710Z,2026-04-07T19:24:56.439779
995584996,BTC-USD,68586.91,0.00099981,sell,2026-04-07T19:24:56.408153Z,2026-04-07T19:24:56.461419
995584997,BTC-USD,68586.91,0.00191719,sell,2026-04-07T19:24:56.408153Z,2026-04-07T19:24:56.464094
995584998,BTC-USD,68586.9,0.00000011,buy,2026-04-07T19:24:56.504634Z,2026-04-07T19:24:56.556923
995584999,BTC-USD,68586.9,0.00000004,buy,2026-04-07T19:24:56.522675Z,2026-04-07T19:24:56.577382
331384286,SOL-USD,80.64,6.20039682,sell,2026-04-07T19:24:56.589791Z,2026-04-07T19:24:56.642022
331384287,SOL-USD,80.64,3.80674301,buy,2026-04-07T19:24:56.592892Z,2026-04-07T19:24:56.645160
995585000,BTC-USD,68586.91,0.00019195,sell,2026-04-07T19:24:56.600904Z,2026-04-07T19:24:56.658769
995585001,BTC-USD,68586.91,0.00000001,sell,2026-04-07T19:24:56.601843Z,2026-04-07T19:24:56.661687
794942975,ETH-USD,2095.95,0.00972057,buy,2026-04-07T19:24:56.938001Z,2026-04-07T19:24:56.989040
995585002,BTC-USD,68592.66,0.00000003,buy,2026-04-07T19:24:56.989228Z,2026-04-07T19:24:57.041267
794942976,ETH-USD,2095.92,0.1390853,sell,2026-04-07T19:24:57.430784Z,2026-04-07T19:24:57.482225
331384288,SOL-USD,80.65,0.07062655,sell,2026-04-07T19:24:57.444803Z,2026-04-07T19:24:57.495421
995585003,BTC-USD,68592.66,0.00000003,buy,2026-04-07T19:24:57.455733Z,2026-04-07T19:24:57.508735
794942977,ETH-USD,2095.92,0.236234,sell,2026-04-07T19:24:57.509973Z,2026-04-07T19:24:57.563093
794942978,ETH-USD,2095.92,0.00472337,sell,2026-04-07T19:24:57.573240Z,2026-04-07T19:24:57.626730
995585004,BTC-USD,68592.67,0.0000001,sell,2026-04-07T19:24:57.626903Z,2026-04-07T19:24:57.679899
331384289,SOL-USD,80.65,0.13304333,sell,2026-04-07T19:24:57.812013Z,2026-04-07T19:24:57.868426
331384290,SOL-USD,80.65,0.35821086,sell,2026-04-07T19:24:57.812013Z,2026-04-07T19:24:57.871843
331384291,SOL-USD,80.65,10.00713983,sell,2026-04-07T19:24:57.884472Z,2026-04-07T19:24:57.935326
995585005,BTC-USD,68592.67,0.00079401,sell,2026-04-07T19:24:57.885314Z,2026-04-07T19:24:57.939042
995585006,BTC-USD,68592.67,0.00014437,sell,2026-04-07T19:24:57.888613Z,2026-04-07T19:24:57.942915
331384292,SOL-USD,80.65,25.327676,sell,2026-04-07T19:24:57.896882Z,2026-04-07T19:24:57.967779
794942979,ETH-USD,2095.92,0.00905322,sell,2026-04-07T19:24:57.903778Z,2026-04-07T19:24:57.970735
331384293,SOL-USD,80.65,0.00000082,sell,2026-04-07T19:24:57.918170Z,2026-04-07T19:24:57.973302
331384294,SOL-USD,80.66,0.06135268,sell,2026-04-07T19:24:57.918170Z,2026-04-07T19:24:57.976820
331384295,SOL-USD,80.65,25.327676,sell,2026-04-07T19:24:57.926471Z,2026-04-07T19:24:57.985686
331384296,SOL-USD,80.65,1.11715995,buy,2026-04-07T19:24:58.083869Z,2026-04-07T19:24:58.136974
331384297,SOL-USD,80.65,1.65244141,buy,2026-04-07T19:24:58.087494Z,2026-04-07T19:24:58.138894
331384298,SOL-USD,80.65,0.65208742,buy,2026-04-07T19:24:58.088492Z,2026-04-07T19:24:58.147384
331384299,SOL-USD,80.65,1.94087719,buy,2026-04-07T19:24:58.091939Z,2026-04-07T19:24:58.161877
331384300,SOL-USD,80.65,0.70081216,buy,2026-04-07T19:24:58.094701Z,2026-04-07T19:24:58.163770
995585007,BTC-USD,68592.66,0.00000007,buy,2026-04-07T19:24:58.101620Z,2026-04-07T19:24:58.169549
794942980,ETH-USD,2095.92,0.01159459,sell,2026-04-07T19:24:58.131454Z,2026-04-07T19:24:58.184362
995585008,BTC-USD,68592.67,0.00028873,sell,2026-04-07T19:24:58.189454Z,2026-04-07T19:24:58.243064
331384301,SOL-USD,80.65,0.7869616,buy,2026-04-07T19:24:58.196227Z,2026-04-07T19:24:58.247117
331384302,SOL-USD,80.65,0.69277558,buy,2026-04-07T19:24:58.197309Z,2026-04-07T19:24:58.249786
331384303,SOL-USD,80.65,3.58118447,buy,2026-04-07T19:24:58.198341Z,2026-04-07T19:24:58.253441
331384304,SOL-USD,80.65,2.19968988,buy,2026-04-07T19:24:58.198341Z,2026-04-07T19:24:58.256429
331384305,SOL-USD,80.65,0.73865344,buy,2026-04-07T19:24:58.201391Z,2026-04-07T19:24:58.259161
331384306,SOL-USD,80.65,0.92099876,buy,2026-04-07T19:24:58.203341Z,2026-04-07T19:24:58.263962
331384307,SOL-USD,80.65,1.1269194,buy,2026-04-07T19:24:58.206299Z,2026-04-07T19:24:58.266386
331384308,SOL-USD,80.65,0.65196281,buy,2026-04-07T19:24:58.207439Z,2026-04-07T19:24:58.269632
995585009,BTC-USD,68592.67,0.001417,sell,2026-04-07T19:24:58.250157Z,2026-04-07T19:24:58.302721
331384309,SOL-USD,80.66,0.17820246,sell,2026-04-07T19:24:58.267998Z,2026-04-07T19:24:58.318644
995585010,BTC-USD,68592.67,0.00007089,sell,2026-04-07T19:24:58.348686Z,2026-04-07T19:24:58.402976
331384310,SOL-USD,80.65,2.95404777,buy,2026-04-07T19:24:58.539187Z,2026-04-07T19:24:58.589785
995585011,BTC-USD,68592.67,0.00009384,sell,2026-04-07T19:24:58.555983Z,2026-04-07T19:24:58.612719
331384311,SOL-USD,80.66,1.04263698,sell,2026-04-07T19:24:58.627057Z,2026-04-07T19:24:58.677655
995585012,BTC-USD,68592.66,0.00000004,buy,2026-04-07T19:24:58.654162Z,2026-04-07T19:24:58.707746
995585013,BTC-USD,68592.67,0.00028873,sell,2026-04-07T19:24:58.810194Z,2026-04-07T19:24:58.861429
995585014,BTC-USD,68592.67,0.00000004,sell,2026-04-07T19:24:58.872270Z,2026-04-07T19:24:58.924782
995585015,BTC-USD,68592.67,0.00021655,sell,2026-04-07T19:24:58.882357Z,2026-04-07T19:24:58.933031
331384312,SOL-USD,80.65,2.95404777,buy,2026-04-07T19:24:58.887198Z,2026-04-07T19:24:58.938118
331384313,SOL-USD,80.65,2.95404777,buy,2026-04-07T19:24:58.888324Z,2026-04-07T19:24:58.941394
331384314,SOL-USD,80.65,2.95404777,buy,2026-04-07T19:24:58.889454Z,2026-04-07T19:24:58.944521
331384315,SOL-USD,80.65,1.14499652,buy,2026-04-07T19:24:58.891910Z,2026-04-07T19:24:58.948940
331384316,SOL-USD,80.65,2.95404777,buy,2026-04-07T19:24:58.895752Z,2026-04-07T19:24:58.950199
331384317,SOL-USD,80.65,2.95404777,buy,2026-04-07T19:24:58.899112Z,2026-04-07T19:24:58.956287
331384318,SOL-USD,80.65,2.95404777,buy,2026-04-07T19:24:58.899269Z,2026-04-07T19:24:58.961971
331384319,SOL-USD,80.65,2.95404777,buy,2026-04-07T19:24:58.901809Z,2026-04-07T19:24:58.966245
331384320,SOL-USD,80.65,2.95404777,buy,2026-04-07T19:24:58.902916Z,2026-04-07T19:24:58.968949
331384321,SOL-USD,80.65,2.91904429,buy,2026-04-07T19:24:58.904562Z,2026-04-07T19:24:58.971724
995585016,BTC-USD,68592.67,0.00027661,sell,2026-04-07T19:24:58.907919Z,2026-04-07T19:24:58.977908
995585017,BTC-USD,68592.66,0.00211184,buy,2026-04-07T19:24:58.969024Z,2026-04-07T19:24:59.021787
995585018,BTC-USD,68590.27,0.00072919,buy,2026-04-07T19:24:58.969024Z,2026-04-07T19:24:59.025090
995585019,BTC-USD,68590.26,0.01020517,buy,2026-04-07T19:24:58.969024Z,2026-04-07T19:24:59.027386
995585020,BTC-USD,68589.47,0.00043768,buy,2026-04-07T19:24:58.969024Z,2026-04-07T19:24:59.030038
995585021,BTC-USD,68588.03,0.05773452,buy,2026-04-07T19:24:58.969024Z,2026-04-07T19:24:59.033193
995585022,BTC-USD,68588.03,0.01506548,buy,2026-04-07T19:24:58.969076Z,2026-04-07T19:24:59.036076
995585023,BTC-USD,68588.02,0.00144321,sell,2026-04-07T19:24:59.013695Z,2026-04-07T19:24:59.065805
995585024,BTC-USD,68588.01,0.00000004,buy,2026-04-07T19:24:59.102802Z,2026-04-07T19:24:59.157139
995585025,BTC-USD,68588.02,0.00028875,sell,2026-04-07T19:24:59.141108Z,2026-04-07T19:24:59.195927
995585026,BTC-USD,68588.02,0.0000001,sell,2026-04-07T19:24:59.350528Z,2026-04-07T19:24:59.412792
995585027,BTC-USD,68588.02,0.00035428,sell,2026-04-07T19:24:59.475074Z,2026-04-07T19:24:59.533119
995585028,BTC-USD,68588.02,0.00036081,sell,2026-04-07T19:24:59.652442Z,2026-04-07T19:24:59.706738
995585029,BTC-USD,68588.01,0.00000006,buy,2026-04-07T19:24:59.778141Z,2026-04-07T19:24:59.829789
995585030,BTC-USD,68588.02,0.00026554,sell,2026-04-07T19:24:59.836906Z,2026-04-07T19:24:59.891235
995585031,BTC-USD,68588.03,0.00002823,sell,2026-04-07T19:24:59.836906Z,2026-04-07T19:24:59.894585
995585032,BTC-USD,68588.03,0.00000001,sell,2026-04-07T19:24:59.838653Z,2026-04-07T19:24:59.900316
995585033,BTC-USD,68592.67,0.00888509,buy,2026-04-07T19:25:00.038829Z,2026-04-07T19:25:00.090858
995585034,BTC-USD,68592.67,0.00072919,buy,2026-04-07T19:25:00.209905Z,2026-04-07T19:25:00.262346
995585035,BTC-USD,68592.67,0.06978921,buy,2026-04-07T19:25:00.209905Z,2026-04-07T19:25:00.267204
995585036,BTC-USD,68592.67,0.0295184,buy,2026-04-07T19:25:00.210961Z,2026-04-07T19:25:00.270647
331384322,SOL-USD,80.64,3.22526893,buy,2026-04-07T19:25:00.251554Z,2026-04-07T19:25:00.308585
331384323,SOL-USD,80.64,3.22526893,buy,2026-04-07T19:25:00.254596Z,2026-04-07T19:25:00.312082
331384324,SOL-USD,80.64,3.22526893,buy,2026-04-07T19:25:00.256372Z,2026-04-07T19:25:00.315675
995585037,BTC-USD,68590.28,0.00014437,sell,2026-04-07T19:25:00.341835Z,2026-04-07T19:25:00.394568
794942981,ETH-USD,2095.77,0.01181266,sell,2026-04-07T19:25:00.398916Z,2026-04-07T19:25:00.452050
995585038,BTC-USD,68588.4,0.00000002,buy,2026-04-07T19:25:00.470535Z,2026-04-07T19:25:00.522981
794942982,ETH-USD,2095.76,0.001,buy,2026-04-07T19:25:00.836080Z,2026-04-07T19:25:00.889373
794942983,ETH-USD,2095.76,0.00068077,buy,2026-04-07T19:25:00.836080Z,2026-04-07T19:25:00.890631
794942984,ETH-USD,2095.68,0.001,buy,2026-04-07T19:25:00.842170Z,2026-04-07T19:25:00.893002
331384325,SOL-USD,80.64,0.61304,sell,2026-04-07T19:25:00.845893Z,2026-04-07T19:25:00.897659
331384326,SOL-USD,80.64,0.61304,sell,2026-04-07T19:25:00.846082Z,2026-04-07T19:25:00.901335
995585039,BTC-USD,68586.9,0.00001682,buy,2026-04-07T19:25:00.923370Z,2026-04-07T19:25:00.997281
995585040,BTC-USD,68586.9,0.00010541,buy,2026-04-07T19:25:00.923370Z,2026-04-07T19:25:01.001584
995585041,BTC-USD,68586.9,0.00006441,buy,2026-04-07T19:25:00.923370Z,2026-04-07T19:25:01.004354
331384327,SOL-USD,80.63,0.014,buy,2026-04-07T19:25:01.025608Z,2026-04-07T19:25:01.077383
331384328,SOL-USD,80.63,0.42982357,buy,2026-04-07T19:25:01.025608Z,2026-04-07T19:25:01.080743
331384329,SOL-USD,80.63,0.44382357,buy,2026-04-07T19:25:01.026899Z,2026-04-07T19:25:01.084559
331384330,SOL-USD,80.63,0.44382357,buy,2026-04-07T19:25:01.027739Z,2026-04-07T19:25:01.086471
331384331,SOL-USD,80.63,0.44382357,buy,2026-04-07T19:25:01.029446Z,2026-04-07T19:25:01.089061
331384332,SOL-USD,80.63,0.44382357,buy,2026-04-07T19:25:01.030255Z,2026-04-07T19:25:01.092415
331384333,SOL-USD,80.63,0.44382357,buy,2026-04-07T19:25:01.033080Z,2026-04-07T19:25:01.099082
995585042,BTC-USD,68583.82,0.0000001,sell,2026-04-07T19:25:01.084176Z,2026-04-07T19:25:01.152077
995585043,BTC-USD,68583.82,0.00036442,sell,2026-04-07T19:25:01.088691Z,2026-04-07T19:25:01.161556
995585044,BTC-USD,68584.01,0.00023166,sell,2026-04-07T19:25:01.088691Z,2026-04-07T19:25:01.167711
995585045,BTC-USD,68585.5,0.00011227,sell,2026-04-07T19:25:01.088691Z,2026-04-07T19:25:01.174386
794942985,ETH-USD,2095.61,0.7157243,sell,2026-04-07T19:25:01.380157Z,2026-04-07T19:25:01.431282
794942986,ETH-USD,2095.61,0.02386694,sell,2026-04-07T19:25:01.380157Z,2026-04-07T19:25:01.435687
995585046,BTC-USD,68585.49,0.00070859,sell,2026-04-07T19:25:01.399876Z,2026-04-07T19:25:01.453609
331384334,SOL-USD,80.64,0.14210498,sell,2026-04-07T19:25:01.429176Z,2026-04-07T19:25:01.495854
995585047,BTC-USD,68585.49,0.00014406,sell,2026-04-07T19:25:01.483480Z,2026-04-07T19:25:01.565842
995585048,BTC-USD,68585.49,0.00175762,sell,2026-04-07T19:25:01.483480Z,2026-04-07T19:25:01.569049
995585049,BTC-USD,68587.89,0.01020638,sell,2026-04-07T19:25:01.489094Z,2026-04-07T19:25:01.572518
331384335,SOL-USD,80.65,0.01433491,sell,2026-04-07T19:25:01.565534Z,2026-04-07T19:25:01.616465
331384336,SOL-USD,80.65,0.00265012,sell,2026-04-07T19:25:01.565534Z,2026-04-07T19:25:01.620862
331384337,SOL-USD,80.65,1.30703812,sell,2026-04-07T19:25:01.565534Z,2026-04-07T19:25:01.621960
995585050,BTC-USD,68590.28,0.02629338,sell,2026-04-07T19:25:01.586965Z,2026-04-07T19:25:01.644148
995585051,BTC-USD,68592.67,0.00043768,sell,2026-04-07T19:25:01.884114Z,2026-04-07T19:25:01.937478
995585052,BTC-USD,68592.68,0.00000023,sell,2026-04-07T19:25:01.884114Z,2026-04-07T19:25:01.940879
995585053,BTC-USD,68592.68,0.02243472,sell,2026-04-07T19:25:01.884114Z,2026-04-07T19:25:01.943301
794942987,ETH-USD,2095.91,0.73950094,sell,2026-04-07T19:25:01.895563Z,2026-04-07T19:25:01.946865
794942988,ETH-USD,2095.92,0.001,sell,2026-04-07T19:25:01.910638Z,2026-04-07T19:25:01.966662
794942989,ETH-USD,2095.92,0.71567738,sell,2026-04-07T19:25:01.910638Z,2026-04-07T19:25:01.968162
995585054,BTC-USD,68593.58,0.000017,sell,2026-04-07T19:25:01.985089Z,2026-04-07T19:25:02.036092
995585055,BTC-USD,68595.97,0.0102051,sell,2026-04-07T19:25:01.985089Z,2026-04-07T19:25:02.040260
794942990,ETH-USD,2096,0.001,sell,2026-04-07T19:25:01.989370Z,2026-04-07T19:25:02.043518
794942991,ETH-USD,2096,0.71573183,sell,2026-04-07T19:25:01.989370Z,2026-04-07T19:25:02.049207
331384338,SOL-USD,80.66,0.014,sell,2026-04-07T19:25:02.009052Z,2026-04-07T19:25:02.063806
794942992,ETH-USD,2096.08,0.001,sell,2026-04-07T19:25:02.069539Z,2026-04-07T19:25:02.121662
995585056,BTC-USD,68596.92,0.000017,sell,2026-04-07T19:25:02.084524Z,2026-04-07T19:25:02.138085
995585057,BTC-USD,68598.05,0.001567,sell,2026-04-07T19:25:02.084524Z,2026-04-07T19:25:02.141801
995585058,BTC-USD,68598.74,0.02,sell,2026-04-07T19:25:02.084524Z,2026-04-07T19:25:02.146566
794942993,ETH-USD,2096.12,0.71573183,sell,2026-04-07T19:25:02.089331Z,2026-04-07T19:25:02.156416
794942994,ETH-USD,2096.16,0.001,sell,2026-04-07T19:25:02.089331Z,2026-04-07T19:25:02.161839
995585059,BTC-USD,68600.26,0.000017,sell,2026-04-07T19:25:02.097452Z,2026-04-07T19:25:02.167943
995585060,BTC-USD,68600.4,0.00000023,sell,2026-04-07T19:25:02.097452Z,2026-04-07T19:25:02.170942
995585061,BTC-USD,68600.41,0.00000023,sell,2026-04-07T19:25:02.097452Z,2026-04-07T19:25:02.175297
995585062,BTC-USD,68600.42,0.00000023,sell,2026-04-07T19:25:02.097452Z,2026-04-07T19:25:02.179891
794942995,ETH-USD,2096.24,0.001,sell,2026-04-07T19:25:02.102857Z,2026-04-07T19:25:02.186036
794942996,ETH-USD,2096.24,0.66673325,sell,2026-04-07T19:25:02.102857Z,2026-04-07T19:25:02.191282
995585063,BTC-USD,68603.6,0.000017,sell,2026-04-07T19:25:02.103510Z,2026-04-07T19:25:02.198814
995585064,BTC-USD,68603.6,0.00000023,sell,2026-04-07T19:25:02.103510Z,2026-04-07T19:25:02.202339
995585065,BTC-USD,68603.88,0.00000023,sell,2026-04-07T19:25:02.103510Z,2026-04-07T19:25:02.205899
995585066,BTC-USD,68604.08,0.00002188,sell,2026-04-07T19:25:02.103510Z,2026-04-07T19:25:02.209871
995585067,BTC-USD,68604.32,0.00000023,sell,2026-04-07T19:25:02.103510Z,2026-04-07T19:25:02.218695
995585068,BTC-USD,68604.33,0.00000023,sell,2026-04-07T19:25:02.103510Z,2026-04-07T19:25:02.225195
995585069,BTC-USD,68604.34,0.00000023,sell,2026-04-07T19:25:02.103510Z,2026-04-07T19:25:02.240571
995585070,BTC-USD,68604.62,0.00029155,sell,2026-04-07T19:25:02.103510Z,2026-04-07T19:25:02.244192
794942997,ETH-USD,2096.3,0.166,sell,2026-04-07T19:25:02.107917Z,2026-04-07T19:25:02.251554
794942998,ETH-USD,2096.31,0.02335,buy,2026-04-07T19:25:02.117301Z,2026-04-07T19:25:02.255028
794942999,ETH-USD,2096.31,0.02335,buy,2026-04-07T19:25:02.117740Z,2026-04-07T19:25:02.257914
995585071,BTC-USD,68605.83,0.00000023,sell,2026-04-07T19:25:02.125081Z,2026-04-07T19:25:02.262810
995585072,BTC-USD,68606.94,0.000017,sell,2026-04-07T19:25:02.125081Z,2026-04-07T19:25:02.265745
794943000,ETH-USD,2096.32,0.001,sell,2026-04-07T19:25:02.125570Z,2026-04-07T19:25:02.279976
794943001,ETH-USD,2096.33,0.33771575,sell,2026-04-07T19:25:02.125570Z,2026-04-07T19:25:02.284062
331384339,SOL-USD,80.67,6.9876039,sell,2026-04-07T19:25:02.125919Z,2026-04-07T19:25:02.290159
331384340,SOL-USD,80.67,0.014,sell,2026-04-07T19:25:02.125919Z,2026-04-07T19:25:02.298829
331384341,SOL-USD,80.67,6.19893899,sell,2026-04-07T19:25:02.125919Z,2026-04-07T19:25:02.308201
794943002,ETH-USD,2096.32,0.66605592,sell,2026-04-07T19:25:02.127588Z,2026-04-07T19:25:02.317739
794943003,ETH-USD,2096.32,0.04967591,sell,2026-04-07T19:25:02.127687Z,2026-04-07T19:25:02.326242
794943004,ETH-USD,2096.33,0.32886278,sell,2026-04-07T19:25:02.127687Z,2026-04-07T19:25:02.331666
995585073,BTC-USD,68609.09,0.00000023,sell,2026-04-07T19:25:02.128768Z,2026-04-07T19:25:02.334299
794943005,ETH-USD,2096.38,0.00071575,sell,2026-04-07T19:25:02.131771Z,2026-04-07T19:25:02.342832
794943006,ETH-USD,2096.4,0.001,sell,2026-04-07T19:25:02.131771Z,2026-04-07T19:25:02.350214
794943007,ETH-USD,2096.47,0.36955603,buy,2026-04-07T19:25:02.146427Z,2026-04-07T19:25:02.365681
794943008,ETH-USD,2096.47,0.18312488,buy,2026-04-07T19:25:02.149815Z,2026-04-07T19:25:02.371735
995585074,BTC-USD,68606.31,0.00000005,buy,2026-04-07T19:25:02.187796Z,2026-04-07T19:25:02.374815
995585075,BTC-USD,68606.78,0.00001443,sell,2026-04-07T19:25:02.211516Z,2026-04-07T19:25:02.382518
794943009,ETH-USD,2096.44,0.71549865,sell,2026-04-07T19:25:02.230294Z,2026-04-07T19:25:02.394659
995585076,BTC-USD,68610.19,0.00000023,sell,2026-04-07T19:25:02.258465Z,2026-04-07T19:25:02.396898
995585077,BTC-USD,68610.28,0.000017,sell,2026-04-07T19:25:02.258465Z,2026-04-07T19:25:02.405212
995585078,BTC-USD,68610.41,0.00000023,sell,2026-04-07T19:25:02.258465Z,2026-04-07T19:25:02.416208
995585079,BTC-USD,68610.63,0.00000023,sell,2026-04-07T19:25:02.258465Z,2026-04-07T19:25:02.426737
995585080,BTC-USD,68609.9,0.0175184,sell,2026-04-07T19:25:02.273225Z,2026-04-07T19:25:02.432258
995585081,BTC-USD,68609.98,0.0175184,sell,2026-04-07T19:25:02.273764Z,2026-04-07T19:25:02.440056
995585082,BTC-USD,68609.99,0.0175184,sell,2026-04-07T19:25:02.273764Z,2026-04-07T19:25:02.445169
995585083,BTC-USD,68610.18,0.0174184,sell,2026-04-07T19:25:02.274094Z,2026-04-07T19:25:02.452371
995585084,BTC-USD,68610.19,0.0175184,sell,2026-04-07T19:25:02.274094Z,2026-04-07T19:25:02.464006
331384342,SOL-USD,80.68,1.27827068,sell,2026-04-07T19:25:02.352564Z,2026-04-07T19:25:02.499680
331384343,SOL-USD,80.68,115.33999932,sell,2026-04-07T19:25:02.352564Z,2026-04-07T19:25:02.503656
995585085,BTC-USD,68609.04,0.0000001,sell,2026-04-07T19:25:02.788068Z,2026-04-07T19:25:02.844278
995585086,BTC-USD,68609.03,0.00000009,buy,2026-04-07T19:25:02.819758Z,2026-04-07T19:25:02.871813
995585087,BTC-USD,68609.04,0.00204615,sell,2026-04-07T19:25:03.221882Z,2026-04-07T19:25:03.276185
995585088,BTC-USD,68609.03,0.00000002,buy,2026-04-07T19:25:03.304566Z,2026-04-07T19:25:03.358748
995585089,BTC-USD,68609.03,0.00563196,buy,2026-04-07T19:25:03.335982Z,2026-04-07T19:25:03.390533
995585090,BTC-USD,68609.03,0.00072919,buy,2026-04-07T19:25:03.335982Z,2026-04-07T19:25:03.393102
331384344,SOL-USD,80.66,9.99313983,buy,2026-04-07T19:25:03.351032Z,2026-04-07T19:25:03.404308
331384345,SOL-USD,80.66,21.58541430,buy,2026-04-07T19:25:03.351032Z,2026-04-07T19:25:03.406681
331384346,SOL-USD,80.66,25.96671476,buy,2026-04-07T19:25:03.352624Z,2026-04-07T19:25:03.409000
331384347,SOL-USD,80.66,6.1988594,sell,2026-04-07T19:25:03.404439Z,2026-04-07T19:25:03.455401
995585091,BTC-USD,68604.22,0.01020291,buy,2026-04-07T19:25:03.642816Z,2026-04-07T19:25:03.701479
995585092,BTC-USD,68600.27,0.00000008,buy,2026-04-07T19:25:03.798075Z,2026-04-07T19:25:03.850525
794943010,ETH-USD,2096.24,0.001,buy,2026-04-07T19:25:03.896225Z,2026-04-07T19:25:03.948806
794943011,ETH-USD,2096.08,0.001,buy,2026-04-07T19:25:03.907595Z,2026-04-07T19:25:03.960263
794943012,ETH-USD,2096,0.001,buy,2026-04-07T19:25:03.910363Z,2026-04-07T19:25:03.968779
331384348,SOL-USD,80.65,0.014,buy,2026-04-07T19:25:03.922130Z,2026-04-07T19:25:03.974674
331384349,SOL-USD,80.65,10.00713983,buy,2026-04-07T19:25:03.922130Z,2026-04-07T19:25:03.976939
331384350,SOL-USD,80.65,9.75713983,buy,2026-04-07T19:25:03.924837Z,2026-04-07T19:25:03.979369
331384351,SOL-USD,80.65,0.26400000,buy,2026-04-07T19:25:03.924837Z,2026-04-07T19:25:03.981796
331384352,SOL-USD,80.65,9.74313983,buy,2026-04-07T19:25:03.925031Z,2026-04-07T19:25:03.985209
995585093,BTC-USD,68600.27,0.00002886,sell,2026-04-07T19:25:04.249096Z,2026-04-07T19:25:04.302817
995585094,BTC-USD,68600.26,0.00000004,buy,2026-04-07T19:25:04.277553Z,2026-04-07T19:25:04.330198
995585095,BTC-USD,68600.26,0.00001696,buy,2026-04-07T19:25:04.360391Z,2026-04-07T19:25:04.425183
995585096,BTC-USD,68599.64,0.00388,buy,2026-04-07T19:25:04.360391Z,2026-04-07T19:25:04.428354
995585097,BTC-USD,68596.93,0.00036444,buy,2026-04-07T19:25:04.467502Z,2026-04-07T19:25:04.521283
995585098,BTC-USD,68596.92,0.000017,buy,2026-04-07T19:25:04.467502Z,2026-04-07T19:25:04.524347
995585099,BTC-USD,68595.82,0.0000001,sell,2026-04-07T19:25:04.467508Z,2026-04-07T19:25:04.526635
995585100,BTC-USD,68593.58,0.000017,buy,2026-04-07T19:25:04.492523Z,2026-04-07T19:25:04.549855
995585101,BTC-USD,68593.57,0.00003513,buy,2026-04-07T19:25:04.492523Z,2026-04-07T19:25:04.572727
995585102,BTC-USD,68592.61,0.00000021,buy,2026-04-07T19:25:04.508702Z,2026-04-07T19:25:04.577093
995585103,BTC-USD,68592.6,0.00000021,buy,2026-04-07T19:25:04.508702Z,2026-04-07T19:25:04.582601
995585104,BTC-USD,68592.59,0.00000021,buy,2026-04-07T19:25:04.508702Z,2026-04-07T19:25:04.588152
995585105,BTC-USD,68592.58,0.00000021,buy,2026-04-07T19:25:04.508702Z,2026-04-07T19:25:04.591211
995585106,BTC-USD,68592.57,0.00000021,buy,2026-04-07T19:25:04.508702Z,2026-04-07T19:25:04.594331
995585107,BTC-USD,68592.56,0.00000021,buy,2026-04-07T19:25:04.508702Z,2026-04-07T19:25:04.597771
995585108,BTC-USD,68592.55,0.00000021,buy,2026-04-07T19:25:04.508702Z,2026-04-07T19:25:04.601372
995585109,BTC-USD,68592.54,0.00000021,buy,2026-04-07T19:25:04.524971Z,2026-04-07T19:25:04.606688
995585110,BTC-USD,68592.53,0.00000021,buy,2026-04-07T19:25:04.524971Z,2026-04-07T19:25:04.608225
995585111,BTC-USD,68592.52,0.00000021,buy,2026-04-07T19:25:04.524971Z,2026-04-07T19:25:04.611723
995585112,BTC-USD,68592.51,0.00000021,buy,2026-04-07T19:25:04.524971Z,2026-04-07T19:25:04.616230
995585113,BTC-USD,68592.5,0.00000021,buy,2026-04-07T19:25:04.524971Z,2026-04-07T19:25:04.619100
995585114,BTC-USD,68592.49,0.00000021,buy,2026-04-07T19:25:04.524971Z,2026-04-07T19:25:04.627562
794943013,ETH-USD,2095.75,0.71573422,sell,2026-04-07T19:25:04.654130Z,2026-04-07T19:25:04.706939
331384353,SOL-USD,80.65,6.19962802,sell,2026-04-07T19:25:04.688736Z,2026-04-07T19:25:04.739787
331384354,SOL-USD,80.65,3.80751181,buy,2026-04-07T19:25:04.692153Z,2026-04-07T19:25:04.743886
331384355,SOL-USD,80.65,3.80751181,buy,2026-04-07T19:25:04.694774Z,2026-04-07T19:25:04.746994
331384356,SOL-USD,80.65,44.0854665,buy,2026-04-07T19:25:04.696005Z,2026-04-07T19:25:04.749649
995585115,BTC-USD,68594.93,0.00000002,buy,2026-04-07T19:25:04.758353Z,2026-04-07T19:25:04.812472
794943014,ETH-USD,2095.82,1.0178313,sell,2026-04-07T19:25:05.045571Z,2026-04-07T19:25:05.097816
995585116,BTC-USD,68594.02,0.00000009,buy,2026-04-07T19:25:05.196443Z,2026-04-07T19:25:05.256524
995585117,BTC-USD,68594.02,0.00000001,buy,2026-04-07T19:25:05.271480Z,2026-04-07T19:25:05.324906
995585118,BTC-USD,68594.02,0.00072909,buy,2026-04-07T19:25:05.406471Z,2026-04-07T19:25:05.462756
995585119,BTC-USD,68594.01,0.00001939,buy,2026-04-07T19:25:05.406471Z,2026-04-07T19:25:05.467956
995585120,BTC-USD,68592.99,0.01457875,buy,2026-04-07T19:25:05.406471Z,2026-04-07T19:25:05.473144
995585121,BTC-USD,68592.57,0.02186689,buy,2026-04-07T19:25:05.406471Z,2026-04-07T19:25:05.479500
995585122,BTC-USD,68592.46,0.00000021,buy,2026-04-07T19:25:05.406471Z,2026-04-07T19:25:05.482818
995585123,BTC-USD,68592.45,0.00000021,buy,2026-04-07T19:25:05.406471Z,2026-04-07T19:25:05.485107
995585124,BTC-USD,68592.44,0.00000021,buy,2026-04-07T19:25:05.406471Z,2026-04-07T19:25:05.489414
331384357,SOL-USD,80.64,19.34774223,buy,2026-04-07T19:25:05.432886Z,2026-04-07T19:25:05.493864
331384358,SOL-USD,80.64,2.06358693,buy,2026-04-07T19:25:05.435561Z,2026-04-07T19:25:05.496806
331384359,SOL-USD,80.64,3.91634766,buy,2026-04-07T19:25:05.436497Z,2026-04-07T19:25:05.499905
995585125,BTC-USD,68587.98,0.00000008,buy,2026-04-07T19:25:05.651970Z,2026-04-07T19:25:05.708276
995585126,BTC-USD,68587.99,0.00007218,sell,2026-04-07T19:25:05.794028Z,2026-04-07T19:25:05.847869
995585127,BTC-USD,68587.98,0.00000004,buy,2026-04-07T19:25:06.097861Z,2026-04-07T19:25:06.150964
995585128,BTC-USD,68587.99,0.0000001,sell,2026-04-07T19:25:06.149453Z,2026-04-07T19:25:06.202026
794943015,ETH-USD,2095.76,0.001,buy,2026-04-07T19:25:06.543326Z,2026-04-07T19:25:06.595893
794943016,ETH-USD,2095.76,0.05995134,buy,2026-04-07T19:25:06.543326Z,2026-04-07T19:25:06.599983
995585129,BTC-USD,68587.99,0.00007219,sell,2026-04-07T19:25:06.647883Z,2026-04-07T19:25:06.700396
995585130,BTC-USD,68587.99,0.00000291,sell,2026-04-07T19:25:06.679074Z,2026-04-07T19:25:06.738251
995585131,BTC-USD,68587.98,0.00000011,buy,2026-04-07T19:25:06.739435Z,2026-04-07T19:25:06.794184
995585132,BTC-USD,68587.98,0.00000004,buy,2026-04-07T19:25:06.766443Z,2026-04-07T19:25:06.822156
331384360,SOL-USD,80.65,0.61376317,sell,2026-04-07T19:25:06.772167Z,2026-04-07T19:25:06.823438
794943017,ETH-USD,2095.77,0.00236171,sell,2026-04-07T19:25:06.842181Z,2026-04-07T19:25:06.892995
995585133,BTC-USD,68587.98,0.00000006,buy,2026-04-07T19:25:06.976683Z,2026-04-07T19:25:07.038382
995585134,BTC-USD,68587.99,0.000092,sell,2026-04-07T19:25:06.982116Z,2026-04-07T19:25:07.041371
995585135,BTC-USD,68587.98,0.00003480,buy,2026-04-07T19:25:07.013127Z,2026-04-07T19:25:07.065833
995585136,BTC-USD,68587.98,0.00006433,buy,2026-04-07T19:25:07.013127Z,2026-04-07T19:25:07.069045
331384361,SOL-USD,80.65,0.08185046,sell,2026-04-07T19:25:07.019887Z,2026-04-07T19:25:07.071356
331384362,SOL-USD,80.64,0.05112277,buy,2026-04-07T19:25:07.042204Z,2026-04-07T19:25:07.097093
794943018,ETH-USD,2095.76,0.01431082,buy,2026-04-07T19:25:07.537240Z,2026-04-07T19:25:07.590324
995585137,BTC-USD,68587.98,0.00000003,buy,2026-04-07T19:25:07.563570Z,2026-04-07T19:25:07.615632
995585138,BTC-USD,68587.99,0.00002989,sell,2026-04-07T19:25:07.673338Z,2026-04-07T19:25:07.729612
995585139,BTC-USD,68587.99,0.0000001,sell,2026-04-07T19:25:07.836996Z,2026-04-07T19:25:07.891544
995585140,BTC-USD,68587.99,0.00000013,buy,2026-04-07T19:25:08.021050Z,2026-04-07T19:25:08.074646
995585141,BTC-USD,68588,0.00238145,sell,2026-04-07T19:25:08.279638Z,2026-04-07T19:25:08.331358
995585142,BTC-USD,68587.99,0.00000011,buy,2026-04-07T19:25:08.549189Z,2026-04-07T19:25:08.606866
794943019,ETH-USD,2095.7,0.00047251,sell,2026-04-07T19:25:08.609698Z,2026-04-07T19:25:08.662515
995585143,BTC-USD,68587.99,0.00000004,buy,2026-04-07T19:25:08.964818Z,2026-04-07T19:25:09.018730
331384363,SOL-USD,80.64,0.61304,sell,2026-04-07T19:25:09.057153Z,2026-04-07T19:25:09.108886
331384364,SOL-USD,80.64,0.61304,sell,2026-04-07T19:25:09.057545Z,2026-04-07T19:25:09.111630
995585144,BTC-USD,68587.99,0.00097322,buy,2026-04-07T19:25:09.207680Z,2026-04-07T19:25:09.259864
995585145,BTC-USD,68587.98,0.00002347,buy,2026-04-07T19:25:09.207680Z,2026-04-07T19:25:09.263276
995585146,BTC-USD,68587.98,0.00043738,buy,2026-04-07T19:25:09.207680Z,2026-04-07T19:25:09.274157
995585147,BTC-USD,68586.96,0.01458003,buy,2026-04-07T19:25:09.207680Z,2026-04-07T19:25:09.287467
995585148,BTC-USD,68586.9,0.000017,buy,2026-04-07T19:25:09.207680Z,2026-04-07T19:25:09.291526
995585149,BTC-USD,68586.31,0.00021251,sell,2026-04-07T19:25:09.320144Z,2026-04-07T19:25:09.373361
794943020,ETH-USD,2095.68,0.001,buy,2026-04-07T19:25:09.375182Z,2026-04-07T19:25:09.430565
794943021,ETH-USD,2095.6,0.001,buy,2026-04-07T19:25:09.375182Z,2026-04-07T19:25:09.434364
794943022,ETH-USD,2095.6,0.05,buy,2026-04-07T19:25:09.375182Z,2026-04-07T19:25:09.439508
995585150,BTC-USD,68586.3,0.00388,buy,2026-04-07T19:25:09.375741Z,2026-04-07T19:25:09.443533
995585151,BTC-USD,68583.95,0.00000005,buy,2026-04-07T19:25:09.459170Z,2026-04-07T19:25:09.512496
995585152,BTC-USD,68583.96,0.0000001,sell,2026-04-07T19:25:09.545957Z,2026-04-07T19:25:09.601038
794943023,ETH-USD,2095.53,0.71580936,sell,2026-04-07T19:25:09.580423Z,2026-04-07T19:25:09.633058
794943024,ETH-USD,2095.53,0.28468825,sell,2026-04-07T19:25:09.580423Z,2026-04-07T19:25:09.636528
995585153,BTC-USD,68583.96,0.00040095,sell,2026-04-07T19:25:09.639462Z,2026-04-07T19:25:09.691729
794943025,ETH-USD,2095.59,0.71590496,sell,2026-04-07T19:25:09.749907Z,2026-04-07T19:25:09.801495
995585154,BTC-USD,68583.96,0.00050902,sell,2026-04-07T19:25:09.753756Z,2026-04-07T19:25:09.806159
995585155,BTC-USD,68583.96,0.00036452,sell,2026-04-07T19:25:09.753756Z,2026-04-07T19:25:09.808769
331384365,SOL-USD,80.64,0.38061379,sell,2026-04-07T19:25:09.754096Z,2026-04-07T19:25:09.811829
331384366,SOL-USD,80.64,6.20039682,sell,2026-04-07T19:25:09.754096Z,2026-04-07T19:25:09.815944
995585156,BTC-USD,68587.36,0.001562,sell,2026-04-07T19:25:09.766026Z,2026-04-07T19:25:09.823712
995585157,BTC-USD,68588.02,0.00000023,sell,2026-04-07T19:25:09.766026Z,2026-04-07T19:25:09.825292
995585158,BTC-USD,68588.75,0.01020629,sell,2026-04-07T19:25:09.766026Z,2026-04-07T19:25:09.828834
995585159,BTC-USD,68593.01,0.00000005,buy,2026-04-07T19:25:09.896524Z,2026-04-07T19:25:09.963292
794943026,ETH-USD,2095.75,0.47723378,buy,2026-04-07T19:25:10.199623Z,2026-04-07T19:25:10.250545
995585160,BTC-USD,68593.01,0.00000005,buy,2026-04-07T19:25:10.355407Z,2026-04-07T19:25:10.407853
995585161,BTC-USD,68593.01,0.00000002,buy,2026-04-07T19:25:10.820974Z,2026-04-07T19:25:10.873277
995585162,BTC-USD,68593.02,0.00005190,sell,2026-04-07T19:25:11.030196Z,2026-04-07T19:25:11.081404
995585163,BTC-USD,68593.02,0.0000001,sell,2026-04-07T19:25:11.199951Z,2026-04-07T19:25:11.252918
995585164,BTC-USD,68593.01,0.00000005,buy,2026-04-07T19:25:11.285097Z,2026-04-07T19:25:11.341580
995585165,BTC-USD,68593.01,0.00375572,buy,2026-04-07T19:25:11.451180Z,2026-04-07T19:25:11.505023
995585166,BTC-USD,68590.61,0.01020512,buy,2026-04-07T19:25:11.451180Z,2026-04-07T19:25:11.509237
995585167,BTC-USD,68590.61,0.00002143,buy,2026-04-07T19:25:11.451180Z,2026-04-07T19:25:11.512086
995585168,BTC-USD,68588.12,0.01513613,buy,2026-04-07T19:25:11.451180Z,2026-04-07T19:25:11.518677
995585169,BTC-USD,68588.12,0.02860322,buy,2026-04-07T19:25:11.451665Z,2026-04-07T19:25:11.529135
995585170,BTC-USD,68587.37,0.0127564,buy,2026-04-07T19:25:11.451665Z,2026-04-07T19:25:11.533468
995585171,BTC-USD,68583.57,0.01082477,sell,2026-04-07T19:25:11.607071Z,2026-04-07T19:25:11.662037
995585172,BTC-USD,68583.57,0.00086,sell,2026-04-07T19:25:11.651037Z,2026-04-07T19:25:11.706068
995585173,BTC-USD,68583.56,0.00000002,buy,2026-04-07T19:25:11.804392Z,2026-04-07T19:25:11.856107
995585174,BTC-USD,68583.56,0.00000003,buy,2026-04-07T19:25:12.274799Z,2026-04-07T19:25:12.327019
331384367,SOL-USD,80.63,0.014,buy,2026-04-07T19:25:12.513765Z,2026-04-07T19:25:12.564308
331384368,SOL-USD,80.63,7.9018287,buy,2026-04-07T19:25:12.513765Z,2026-04-07T19:25:12.568118
331384369,SOL-USD,80.63,2.10531113,buy,2026-04-07T19:25:12.515751Z,2026-04-07T19:25:12.571720
331384370,SOL-USD,80.63,5.81051757,buy,2026-04-07T19:25:12.515751Z,2026-04-07T19:25:12.576577
331384371,SOL-USD,80.63,4.19662226,buy,2026-04-07T19:25:12.517166Z,2026-04-07T19:25:12.580398
331384372,SOL-USD,80.63,0.82606288,buy,2026-04-07T19:25:12.520328Z,2026-04-07T19:25:12.581885
331384373,SOL-USD,80.63,7.9158287,buy,2026-04-07T19:25:12.522579Z,2026-04-07T19:25:12.583865
331384374,SOL-USD,80.63,1.13524825,buy,2026-04-07T19:25:12.525052Z,2026-04-07T19:25:12.586571
331384375,SOL-USD,80.63,2.47983668,buy,2026-04-07T19:25:12.525052Z,2026-04-07T19:25:12.588985
331384376,SOL-USD,80.63,1.49328599,buy,2026-04-07T19:25:12.527026Z,2026-04-07T19:25:12.591146
331384377,SOL-USD,80.63,0.67397619,buy,2026-04-07T19:25:12.528511Z,2026-04-07T19:25:12.593937
331384378,SOL-USD,80.63,1.44169788,buy,2026-04-07T19:25:12.530552Z,2026-04-07T19:25:12.595882
331384379,SOL-USD,80.63,0.73448779,buy,2026-04-07T19:25:12.532033Z,2026-04-07T19:25:12.598307
331384380,SOL-USD,80.63,1.25722187,buy,2026-04-07T19:25:12.533557Z,2026-04-07T19:25:12.643973
331384381,SOL-USD,80.63,0.85555315,buy,2026-04-07T19:25:12.535287Z,2026-04-07T19:25:12.647386
794943027,ETH-USD,2095.53,0.0905179,sell,2026-04-07T19:25:12.536521Z,2026-04-07T19:25:12.648764
331384382,SOL-USD,80.63,1.11661788,buy,2026-04-07T19:25:12.536958Z,2026-04-07T19:25:12.652089
331384383,SOL-USD,80.63,2.13964653,buy,2026-04-07T19:25:12.540465Z,2026-04-07T19:25:12.654170
331384384,SOL-USD,80.63,1.46739117,buy,2026-04-07T19:25:12.542651Z,2026-04-07T19:25:12.657713
331384385,SOL-USD,80.63,1.05867047,buy,2026-04-07T19:25:12.544545Z,2026-04-07T19:25:12.660447
331384386,SOL-USD,80.63,0.75964034,buy,2026-04-07T19:25:12.545447Z,2026-04-07T19:25:12.663693
331384387,SOL-USD,80.63,0.9145839,buy,2026-04-07T19:25:12.547011Z,2026-04-07T19:25:12.667642
331384388,SOL-USD,80.63,1.23811794,buy,2026-04-07T19:25:12.548988Z,2026-04-07T19:25:12.668770
331384389,SOL-USD,80.63,0.95578135,buy,2026-04-07T19:25:12.550623Z,2026-04-07T19:25:12.671837
331384390,SOL-USD,80.63,0.87145755,buy,2026-04-07T19:25:12.552314Z,2026-04-07T19:25:12.673991
331384391,SOL-USD,80.63,6.11178299,buy,2026-04-07T19:25:12.552916Z,2026-04-07T19:25:12.676986
331384392,SOL-USD,80.63,9.17713983,buy,2026-04-07T19:25:12.555980Z,2026-04-07T19:25:12.681504
331384393,SOL-USD,80.63,0.83000000,buy,2026-04-07T19:25:12.558363Z,2026-04-07T19:25:12.685765
995585175,BTC-USD,68583.56,0.00000005,buy,2026-04-07T19:25:12.729514Z,2026-04-07T19:25:12.782210
995585176,BTC-USD,68583.57,0.000209,sell,2026-04-07T19:25:12.783439Z,2026-04-07T19:25:12.836155
995585177,BTC-USD,68583.57,0.0000001,sell,2026-04-07T19:25:12.991523Z,2026-04-07T19:25:13.042331
995585178,BTC-USD,68583.57,0.00056664,sell,2026-04-07T19:25:13.020218Z,2026-04-07T19:25:13.070854
794943028,ETH-USD,2095.52,0.00000973,buy,2026-04-07T19:25:13.146765Z,2026-04-07T19:25:13.198046
995585179,BTC-USD,68583.57,0.00000029,sell,2026-04-07T19:25:13.152255Z,2026-04-07T19:25:13.205621
995585180,BTC-USD,68583.57,0.00437391,sell,2026-04-07T19:25:13.159401Z,2026-04-07T19:25:13.209460
995585181,BTC-USD,68583.57,0.00036763,sell,2026-04-07T19:25:13.159401Z,2026-04-07T19:25:13.215465
995585182,BTC-USD,68583.57,0.00043738,sell,2026-04-07T19:25:13.159401Z,2026-04-07T19:25:13.217920
995585183,BTC-USD,68583.74,0.00047273,sell,2026-04-07T19:25:13.159401Z,2026-04-07T19:25:13.221122
995585184,BTC-USD,68583.74,0.00005658,sell,2026-04-07T19:25:13.159401Z,2026-04-07T19:25:13.224803
995585185,BTC-USD,68585.96,0.00000008,buy,2026-04-07T19:25:13.188181Z,2026-04-07T19:25:13.240014
331384394,SOL-USD,80.63,6.20116581,sell,2026-04-07T19:25:13.192965Z,2026-04-07T19:25:13.245550
794943029,ETH-USD,2095.53,0.02386694,sell,2026-04-07T19:25:13.193165Z,2026-04-07T19:25:13.247857
794943030,ETH-USD,2095.53,0.34386067,sell,2026-04-07T19:25:13.193165Z,2026-04-07T19:25:13.257056
794943031,ETH-USD,2095.53,0.37203104,sell,2026-04-07T19:25:13.193358Z,2026-04-07T19:25:13.262678
794943032,ETH-USD,2095.54,0.71580594,sell,2026-04-07T19:25:13.193358Z,2026-04-07T19:25:13.264264
995585186,BTC-USD,68585.97,0.00002823,sell,2026-04-07T19:25:13.214224Z,2026-04-07T19:25:13.268774
794943033,ETH-USD,2095.63,0.71589171,sell,2026-04-07T19:25:13.252380Z,2026-04-07T19:25:13.303937
794943034,ETH-USD,2095.76,0.001,sell,2026-04-07T19:25:13.256224Z,2026-04-07T19:25:13.307825
794943035,ETH-USD,2095.76,0.17519777,sell,2026-04-07T19:25:13.256224Z,2026-04-07T19:25:13.311942
995585187,BTC-USD,68590.75,0.01020599,sell,2026-04-07T19:25:13.266064Z,2026-04-07T19:25:13.319944
995585188,BTC-USD,68592.25,0.00014173,sell,2026-04-07T19:25:13.284466Z,2026-04-07T19:25:13.336998
331384395,SOL-USD,80.64,10.00713983,sell,2026-04-07T19:25:13.284517Z,2026-04-07T19:25:13.339225
794943036,ETH-USD,2095.84,0.001,sell,2026-04-07T19:25:13.503706Z,2026-04-07T19:25:13.556929
331384396,SOL-USD,80.65,0.0143381,sell,2026-04-07T19:25:13.543186Z,2026-04-07T19:25:13.593979
331384397,SOL-USD,80.65,0.92987205,sell,2026-04-07T19:25:13.543186Z,2026-04-07T19:25:13.599495
331384398,SOL-USD,80.65,0.01399985,sell,2026-04-07T19:25:13.543186Z,2026-04-07T19:25:13.601006
331384399,SOL-USD,80.65,0.00000015,sell,2026-04-07T19:25:13.576839Z,2026-04-07T19:25:13.627788
331384400,SOL-USD,80.65,1.68387071,sell,2026-04-07T19:25:13.576839Z,2026-04-07T19:25:13.632703
331384401,SOL-USD,80.65,0.03300514,sell,2026-04-07T19:25:13.576839Z,2026-04-07T19:25:13.637649
995585189,BTC-USD,68593.57,0.00000002,buy,2026-04-07T19:25:13.697628Z,2026-04-07T19:25:13.748490
995585190,BTC-USD,68593.57,0.00000003,buy,2026-04-07T19:25:14.048727Z,2026-04-07T19:25:14.101030
995585191,BTC-USD,68593.57,0.00000003,buy,2026-04-07T19:25:14.515581Z,2026-04-07T19:25:14.574384
995585192,BTC-USD,68593.58,0.0000001,sell,2026-04-07T19:25:14.693987Z,2026-04-07T19:25:14.746795
995585193,BTC-USD,68593.57,0.00004679,buy,2026-04-07T19:25:14.820104Z,2026-04-07T19:25:14.874707
995585194,BTC-USD,68593.57,0.00638779,buy,2026-04-07T19:25:14.820104Z,2026-04-07T19:25:14.889861
995585195,BTC-USD,68593.57,0.06458382,buy,2026-04-07T19:25:14.820104Z,2026-04-07T19:25:14.897387
995585196,BTC-USD,68593.57,0.0290184,buy,2026-04-07T19:25:14.820153Z,2026-04-07T19:25:14.901356
995585197,BTC-USD,68593.57,0.00001938,buy,2026-04-07T19:25:14.914231Z,2026-04-07T19:25:14.967507
995585198,BTC-USD,68593.57,0.00036447,buy,2026-04-07T19:25:14.914231Z,2026-04-07T19:25:14.971561
794943037,ETH-USD,2095.76,0.00879145,sell,2026-04-07T19:25:15.014825Z,2026-04-07T19:25:15.072651
995585199,BTC-USD,68591.16,0.00000005,buy,2026-04-07T19:25:15.031190Z,2026-04-07T19:25:15.084271
331384402,SOL-USD,80.64,0.61304,sell,2026-04-07T19:25:15.589695Z,2026-04-07T19:25:15.640943
331384403,SOL-USD,80.64,0.61304,sell,2026-04-07T19:25:15.590085Z,2026-04-07T19:25:15.644310
995585200,BTC-USD,68590.75,0.00000009,buy,2026-04-07T19:25:15.823160Z,2026-04-07T19:25:15.875429
794943038,ETH-USD,2095.75,0.005,buy,2026-04-07T19:25:16.006197Z,2026-04-07T19:25:16.065410
794943039,ETH-USD,2095.68,0.001,buy,2026-04-07T19:25:16.064014Z,2026-04-07T19:25:16.124663
995585201,BTC-USD,68588.78,0.01020521,buy,2026-04-07T19:25:16.139479Z,2026-04-07T19:25:16.192830
331384404,SOL-USD,80.63,1.47008556,sell,2026-04-07T19:25:16.252289Z,2026-04-07T19:25:16.305228
995585202,BTC-USD,68585.96,0.00000006,buy,2026-04-07T19:25:16.269290Z,2026-04-07T19:25:16.325424
995585203,BTC-USD,68585.96,0.00000015,buy,2026-04-07T19:25:16.276875Z,2026-04-07T19:25:16.335497
995585204,BTC-USD,68585.95,0.00000021,buy,2026-04-07T19:25:16.276875Z,2026-04-07T19:25:16.337908
995585205,BTC-USD,68585.94,0.00000021,buy,2026-04-07T19:25:16.276875Z,2026-04-07T19:25:16.341312
995585206,BTC-USD,68585.93,0.00000021,buy,2026-04-07T19:25:16.276875Z,2026-04-07T19:25:16.342372
995585207,BTC-USD,68585.92,0.00000021,buy,2026-04-07T19:25:16.276875Z,2026-04-07T19:25:16.346292
995585208,BTC-USD,68585.91,0.00000021,buy,2026-04-07T19:25:16.276875Z,2026-04-07T19:25:16.347320
995585209,BTC-USD,68585.9,0.00000021,buy,2026-04-07T19:25:16.276875Z,2026-04-07T19:25:16.351164
995585210,BTC-USD,68585.89,0.00000021,buy,2026-04-07T19:25:16.276875Z,2026-04-07T19:25:16.353348
995585211,BTC-USD,68585.88,0.00000021,buy,2026-04-07T19:25:16.276875Z,2026-04-07T19:25:16.358253
995585212,BTC-USD,68585.87,0.00000021,buy,2026-04-07T19:25:16.276875Z,2026-04-07T19:25:16.360455
995585213,BTC-USD,68585.86,0.00000021,buy,2026-04-07T19:25:16.276875Z,2026-04-07T19:25:16.364266
995585214,BTC-USD,68585.85,0.00000021,buy,2026-04-07T19:25:16.276875Z,2026-04-07T19:25:16.366805
331384405,SOL-USD,80.63,0.27054681,sell,2026-04-07T19:25:16.547100Z,2026-04-07T19:25:16.598190
995585215,BTC-USD,68583.56,0.00000008,buy,2026-04-07T19:25:16.713598Z,2026-04-07T19:25:16.766049
995585216,BTC-USD,68583.57,0.00177105,sell,2026-04-07T19:25:17.017298Z,2026-04-07T19:25:17.071763
794943040,ETH-USD,2095.6,0.001,buy,2026-04-07T19:25:17.098315Z,2026-04-07T19:25:17.156566
794943041,ETH-USD,2095.52,0.00099027,buy,2026-04-07T19:25:17.098413Z,2026-04-07T19:25:17.160340
794943042,ETH-USD,2095.52,0.001,buy,2026-04-07T19:25:17.098413Z,2026-04-07T19:25:17.164292
794943043,ETH-USD,2095.52,0.00073504,buy,2026-04-07T19:25:17.098413Z,2026-04-07T19:25:17.168737
794943044,ETH-USD,2095.44,0.001,buy,2026-04-07T19:25:17.098620Z,2026-04-07T19:25:17.171373
794943045,ETH-USD,2095.36,0.001,buy,2026-04-07T19:25:17.114830Z,2026-04-07T19:25:17.173878
794943046,ETH-USD,2095.36,0.76249761,buy,2026-04-07T19:25:17.114830Z,2026-04-07T19:25:17.175929
995585217,BTC-USD,68583.56,0.00001682,buy,2026-04-07T19:25:17.151747Z,2026-04-07T19:25:17.206328
995585218,BTC-USD,68581.07,0.00095516,buy,2026-04-07T19:25:17.151747Z,2026-04-07T19:25:17.207637
995585219,BTC-USD,68580.22,0.00000014,buy,2026-04-07T19:25:17.166042Z,2026-04-07T19:25:17.219883
995585220,BTC-USD,68580.22,0.00000003,buy,2026-04-07T19:25:17.170023Z,2026-04-07T19:25:17.221838
995585221,BTC-USD,68582.49,0.00014078,sell,2026-04-07T19:25:17.288294Z,2026-04-07T19:25:17.341370
331384406,SOL-USD,80.62,0.014,buy,2026-04-07T19:25:17.553116Z,2026-04-07T19:25:17.604681
794943047,ETH-USD,2095.28,0.001,buy,2026-04-07T19:25:17.597555Z,2026-04-07T19:25:17.653047
794943048,ETH-USD,2095.2,0.001,buy,2026-04-07T19:25:17.597555Z,2026-04-07T19:25:17.656939
794943049,ETH-USD,2095.2,0.05,buy,2026-04-07T19:25:17.597555Z,2026-04-07T19:25:17.660218
331384407,SOL-USD,80.61,0.014,buy,2026-04-07T19:25:17.645562Z,2026-04-07T19:25:17.697946
995585222,BTC-USD,68580.22,0.0000001,buy,2026-04-07T19:25:17.645265Z,2026-04-07T19:25:17.700122
995585223,BTC-USD,68580.22,0.00001673,buy,2026-04-07T19:25:17.794045Z,2026-04-07T19:25:17.845664
995585224,BTC-USD,68580.22,0.00638779,buy,2026-04-07T19:25:17.794045Z,2026-04-07T19:25:17.848463
995585225,BTC-USD,68576.88,0.00000005,buy,2026-04-07T19:25:18.055846Z,2026-04-07T19:25:18.109265
995585226,BTC-USD,68577.86,0.00194103,sell,2026-04-07T19:25:18.092982Z,2026-04-07T19:25:18.145721
331384408,SOL-USD,80.62,0.88214773,sell,2026-04-07T19:25:18.202490Z,2026-04-07T19:25:18.253585
995585227,BTC-USD,68576.88,0.00000011,buy,2026-04-07T19:25:18.552882Z,2026-04-07T19:25:18.605840
794943050,ETH-USD,2095.13,0.71594602,sell,2026-04-07T19:25:18.666038Z,2026-04-07T19:25:18.721806
995585228,BTC-USD,68576.88,0.00000003,buy,2026-04-07T19:25:19.011433Z,2026-04-07T19:25:19.069464
995585229,BTC-USD,68576.88,0.00000003,buy,2026-04-07T19:25:19.456425Z,2026-04-07T19:25:19.509745
995585230,BTC-USD,68576.88,0.00000255,buy,2026-04-07T19:25:19.823264Z,2026-04-07T19:25:19.876667
995585231,BTC-USD,68576.88,0.00000005,buy,2026-04-07T19:25:19.940407Z,2026-04-07T19:25:19.994389
995585232,BTC-USD,68576.88,0.00000002,buy,2026-04-07T19:25:20.347433Z,2026-04-07T19:25:20.400428
995585233,BTC-USD,68576.89,0.00002989,sell,2026-04-07T19:25:20.550372Z,2026-04-07T19:25:20.606478
995585234,BTC-USD,68576.88,0.00001416,buy,2026-04-07T19:25:20.868489Z,2026-04-07T19:25:20.923360
995585235,BTC-USD,68576.88,0.00003514,buy,2026-04-07T19:25:20.868489Z,2026-04-07T19:25:20.927311
995585236,BTC-USD,68576.88,0.00638779,buy,2026-04-07T19:25:20.868489Z,2026-04-07T19:25:20.930067
995585237,BTC-USD,68576.88,0.00001923,buy,2026-04-07T19:25:20.868489Z,2026-04-07T19:25:20.935903
995585238,BTC-USD,68576.67,0.04374665,buy,2026-04-07T19:25:20.868489Z,2026-04-07T19:25:20.937354
995585239,BTC-USD,68575.85,0.01458239,buy,2026-04-07T19:25:20.868489Z,2026-04-07T19:25:20.942651
995585240,BTC-USD,68575.55,0.00724806,buy,2026-04-07T19:25:20.876388Z,2026-04-07T19:25:20.947558
995585241,BTC-USD,68574.71,0.00388,buy,2026-04-07T19:25:20.876388Z,2026-04-07T19:25:20.954872
995585242,BTC-USD,68573.54,0.000017,buy,2026-04-07T19:25:20.876388Z,2026-04-07T19:25:20.971672
794943051,ETH-USD,2095.12,0.001,buy,2026-04-07T19:25:20.879110Z,2026-04-07T19:25:20.984867
794943052,ETH-USD,2095.04,0.001,buy,2026-04-07T19:25:20.879110Z,2026-04-07T19:25:20.987768
794943053,ETH-USD,2095,0.05,buy,2026-04-07T19:25:20.879110Z,2026-04-07T19:25:20.990699
794943054,ETH-USD,2095,0.66500114,buy,2026-04-07T19:25:20.879110Z,2026-04-07T19:25:20.992221
794943055,ETH-USD,2095,0.33499886,buy,2026-04-07T19:25:20.879141Z,2026-04-07T19:25:20.997559
331384409,SOL-USD,80.61,21.33491209,buy,2026-04-07T19:25:20.924027Z,2026-04-07T19:25:21.009211
331384410,SOL-USD,80.61,29.91359149,buy,2026-04-07T19:25:20.924027Z,2026-04-07T19:25:21.012111
331384411,SOL-USD,80.61,31.96463128,buy,2026-04-07T19:25:20.924027Z,2026-04-07T19:25:21.021745
331384412,SOL-USD,80.61,0.05832197,sell,2026-04-07T19:25:21.084802Z,2026-04-07T19:25:21.136571
331384413,SOL-USD,80.61,0.00920873,sell,2026-04-07T19:25:21.726785Z,2026-04-07T19:25:21.778933
995585243,BTC-USD,68570.2,0.000017,buy,2026-04-07T19:25:21.897599Z,2026-04-07T19:25:21.954206
995585244,BTC-USD,68566.86,0.000017,buy,2026-04-07T19:25:21.897599Z,2026-04-07T19:25:21.958149
995585245,BTC-USD,68563.53,0.00360909,sell,2026-04-07T19:25:22.017242Z,2026-04-07T19:25:22.073045
995585246,BTC-USD,68563.52,0.000017,buy,2026-04-07T19:25:22.068925Z,2026-04-07T19:25:22.130394
794943056,ETH-USD,2094.96,0.001,buy,2026-04-07T19:25:22.077238Z,2026-04-07T19:25:22.133308
794943057,ETH-USD,2094.88,0.001,buy,2026-04-07T19:25:22.077238Z,2026-04-07T19:25:22.135277
331384414,SOL-USD,80.61,3.52871652,sell,2026-04-07T19:25:22.637292Z,2026-04-07T19:25:22.688285
794943058,ETH-USD,2094.8,0.001,buy,2026-04-07T19:25:23.161475Z,2026-04-07T19:25:23.217754
794943059,ETH-USD,2094.8,0.76549761,buy,2026-04-07T19:25:23.161475Z,2026-04-07T19:25:23.221990
794943060,ETH-USD,2094.8,0.70462445,buy,2026-04-07T19:25:23.161475Z,2026-04-07T19:25:23.224181
995585247,BTC-USD,68563.52,0.00004456,sell,2026-04-07T19:25:23.327961Z,2026-04-07T19:25:23.379084
995585248,BTC-USD,68563.51,0.00000011,buy,2026-04-07T19:25:23.466652Z,2026-04-07T19:25:23.519309
331384415,SOL-USD,80.61,1.1222262,sell,2026-04-07T19:25:23.691465Z,2026-04-07T19:25:23.742938
794943061,ETH-USD,2094.73,0.00452678,sell,2026-04-07T19:25:24.422135Z,2026-04-07T19:25:24.474108
995585249,BTC-USD,68563.51,0.00638779,buy,2026-04-07T19:25:24.545036Z,2026-04-07T19:25:24.598343
995585250,BTC-USD,68563.51,0.00638779,buy,2026-04-07T19:25:24.545036Z,2026-04-07T19:25:24.601272
995585251,BTC-USD,68563.51,0.00638779,buy,2026-04-07T19:25:24.545036Z,2026-04-07T19:25:24.604758
995585252,BTC-USD,68563.51,0.00003514,buy,2026-04-07T19:25:24.545036Z,2026-04-07T19:25:24.606516
995585253,BTC-USD,68563.51,0.00638779,buy,2026-04-07T19:25:24.545036Z,2026-04-07T19:25:24.609081
995585254,BTC-USD,68563.51,0.00001921,buy,2026-04-07T19:25:24.545036Z,2026-04-07T19:25:24.611451
995585255,BTC-USD,68563.51,0.00638779,buy,2026-04-07T19:25:24.545036Z,2026-04-07T19:25:24.614870
995585256,BTC-USD,68560.81,0.00084026,sell,2026-04-07T19:25:24.621030Z,2026-04-07T19:25:24.674162
794943062,ETH-USD,2094.72,0.001,buy,2026-04-07T19:25:24.719303Z,2026-04-07T19:25:24.771761
995585257,BTC-USD,68560.19,0.0000001,sell,2026-04-07T19:25:24.770471Z,2026-04-07T19:25:24.824399
995585258,BTC-USD,68560.18,0.000017,buy,2026-04-07T19:25:24.831698Z,2026-04-07T19:25:24.883015
995585259,BTC-USD,68559.94,0.00004953,sell,2026-04-07T19:25:25.417547Z,2026-04-07T19:25:25.469898
995585260,BTC-USD,68559.94,0.00012027,sell,2026-04-07T19:25:25.558455Z,2026-04-07T19:25:25.611186
995585261,BTC-USD,68559.94,0.00000008,sell,2026-04-07T19:25:25.801309Z,2026-04-07T19:25:25.853977
995585262,BTC-USD,68559.94,0.0000001,sell,2026-04-07T19:25:26.464102Z,2026-04-07T19:25:26.517053
331384416,SOL-USD,80.61,1.76305474,sell,2026-04-07T19:25:26.790099Z,2026-04-07T19:25:26.840931
331384417,SOL-USD,80.61,0.66046396,sell,2026-04-07T19:25:27.574455Z,2026-04-07T19:25:27.625200
995585263,BTC-USD,68559.93,0.00073656,buy,2026-04-07T19:25:28.140474Z,2026-04-07T19:25:28.192946
995585264,BTC-USD,68559.94,0.00007317,sell,2026-04-07T19:25:28.179595Z,2026-04-07T19:25:28.233545
331384418,SOL-USD,80.61,0.07060903,sell,2026-04-07T19:25:28.735673Z,2026-04-07T19:25:28.786570
995585265,BTC-USD,68559.94,0.00144057,sell,2026-04-07T19:25:28.793714Z,2026-04-07T19:25:28.846146
995585266,BTC-USD,68559.94,0.00072189,sell,2026-04-07T19:25:29.532792Z,2026-04-07T19:25:29.586957
794943063,ETH-USD,2094.65,0.71616843,sell,2026-04-07T19:25:29.611506Z,2026-04-07T19:25:29.663362
995585267,BTC-USD,68559.94,0.00021126,sell,2026-04-07T19:25:29.630143Z,2026-04-07T19:25:29.682208
995585268,BTC-USD,68559.94,0.0029036,sell,2026-04-07T19:25:29.630143Z,2026-04-07T19:25:29.684586
995585269,BTC-USD,68562.59,0.01021,sell,2026-04-07T19:25:30.124954Z,2026-04-07T19:25:30.178461
995585270,BTC-USD,68563.51,0.00000006,buy,2026-04-07T19:25:30.843623Z,2026-04-07T19:25:30.895891
794943064,ETH-USD,2094.82,0.00063395,buy,2026-04-07T19:25:30.875019Z,2026-04-07T19:25:30.927904
995585271,BTC-USD,68563.51,0.04375499,buy,2026-04-07T19:25:30.953539Z,2026-04-07T19:25:31.008327
995585272,BTC-USD,68563.51,0.00072919,buy,2026-04-07T19:25:30.953539Z,2026-04-07T19:25:31.011341
995585273,BTC-USD,68563.51,0.00002589,buy,2026-04-07T19:25:30.953539Z,2026-04-07T19:25:31.014863
995585274,BTC-USD,68563.51,0.02,buy,2026-04-07T19:25:30.953539Z,2026-04-07T19:25:31.018211
995585275,BTC-USD,68563.51,0.01203893,buy,2026-04-07T19:25:30.953539Z,2026-04-07T19:25:31.019407
995585276,BTC-USD,68563.52,0.00005715,sell,2026-04-07T19:25:30.980545Z,2026-04-07T19:25:31.033369
995585277,BTC-USD,68563.51,0.00000009,buy,2026-04-07T19:25:30.990195Z,2026-04-07T19:25:31.044669
995585278,BTC-USD,68561.11,0.01020951,buy,2026-04-07T19:25:30.990195Z,2026-04-07T19:25:31.046930
995585279,BTC-USD,68559.93,0.00003515,buy,2026-04-07T19:25:31.078624Z,2026-04-07T19:25:31.130154
995585280,BTC-USD,68559.93,0.00043685,buy,2026-04-07T19:25:31.078624Z,2026-04-07T19:25:31.132921
995585281,BTC-USD,68559.93,0.00000072,buy,2026-04-07T19:25:31.227452Z,2026-04-07T19:25:31.285732
995585282,BTC-USD,68558.29,0.00072104,buy,2026-04-07T19:25:31.227452Z,2026-04-07T19:25:31.291808
331384419,SOL-USD,80.6,0.014,buy,2026-04-07T19:25:31.236378Z,2026-04-07T19:25:31.302451
331384420,SOL-USD,80.6,0.10926824,buy,2026-04-07T19:25:31.236378Z,2026-04-07T19:25:31.306554
995585283,BTC-USD,68557.29,0.002452,buy,2026-04-07T19:25:31.294050Z,2026-04-07T19:25:31.346340
995585284,BTC-USD,68557.29,0.00000078,buy,2026-04-07T19:25:31.324829Z,2026-04-07T19:25:31.377298
995585285,BTC-USD,68557.29,0.00029172,buy,2026-04-07T19:25:31.324829Z,2026-04-07T19:25:31.380712
995585286,BTC-USD,68557.29,0.01749950,buy,2026-04-07T19:25:31.324829Z,2026-04-07T19:25:31.384104
995585287,BTC-USD,68557.3,0.000188,sell,2026-04-07T19:25:31.467564Z,2026-04-07T19:25:31.531902
995585288,BTC-USD,68557.29,0.00000002,buy,2026-04-07T19:25:31.511215Z,2026-04-07T19:25:31.563194
995585289,BTC-USD,68557.28,0.00035462,sell,2026-04-07T19:25:31.698643Z,2026-04-07T19:25:31.751213
995585290,BTC-USD,68557.27,0.006387,buy,2026-04-07T19:25:31.873156Z,2026-04-07T19:25:31.927054
995585291,BTC-USD,68557.28,0.03754183,sell,2026-04-07T19:25:32.046112Z,2026-04-07T19:25:32.098546
995585292,BTC-USD,68557.27,0.00000079,buy,2026-04-07T19:25:32.175852Z,2026-04-07T19:25:32.229900
995585293,BTC-USD,68556.84,0.000017,buy,2026-04-07T19:25:32.175852Z,2026-04-07T19:25:32.231031
995585294,BTC-USD,68553.5,0.000017,buy,2026-04-07T19:25:32.338717Z,2026-04-07T19:25:32.390579
995585295,BTC-USD,68552.02,0.00776,buy,2026-04-07T19:25:32.396906Z,2026-04-07T19:25:32.450810
794943065,ETH-USD,2094.64,0.001,buy,2026-04-07T19:25:32.428907Z,2026-04-07T19:25:32.482351
995585296,BTC-USD,68551.76,0.043762,buy,2026-04-07T19:25:32.806786Z,2026-04-07T19:25:32.859641
794943066,ETH-USD,2094.56,0.001,buy,2026-04-07T19:25:32.807080Z,2026-04-07T19:25:32.863875
794943067,ETH-USD,2094.48,0.001,buy,2026-04-07T19:25:32.807080Z,2026-04-07T19:25:32.866342
794943068,ETH-USD,2094.4,0.001,buy,2026-04-07T19:25:32.807080Z,2026-04-07T19:25:32.867787
794943069,ETH-USD,2094.4,0.05,buy,2026-04-07T19:25:32.807080Z,2026-04-07T19:25:32.871142
794943070,ETH-USD,2094.37,0.07,buy,2026-04-07T19:25:32.807964Z,2026-04-07T19:25:32.873559
331384421,SOL-USD,80.59,0.014,buy,2026-04-07T19:25:32.811587Z,2026-04-07T19:25:32.875775
995585297,BTC-USD,68551.76,0.00000055,buy,2026-04-07T19:25:32.945612Z,2026-04-07T19:25:32.997889
995585298,BTC-USD,68551.76,0.01277545,buy,2026-04-07T19:25:32.945612Z,2026-04-07T19:25:33.000818
995585299,BTC-USD,68551.76,0.00000013,buy,2026-04-07T19:25:33.039713Z,2026-04-07T19:25:33.093972
995585300,BTC-USD,68551.76,0.00515587,buy,2026-04-07T19:25:33.039713Z,2026-04-07T19:25:33.100820
794943071,ETH-USD,2094.32,0.001,buy,2026-04-07T19:25:33.156401Z,2026-04-07T19:25:33.210418
794943072,ETH-USD,2094.24,0.001,buy,2026-04-07T19:25:33.156401Z,2026-04-07T19:25:33.215178
794943073,ETH-USD,2094.2,0.05,buy,2026-04-07T19:25:33.156401Z,2026-04-07T19:25:33.217321
331384422,SOL-USD,80.58,0.014,buy,2026-04-07T19:25:33.188262Z,2026-04-07T19:25:33.238654
794943074,ETH-USD,2094.17,0.053544,sell,2026-04-07T19:25:33.188471Z,2026-04-07T19:25:33.243087
995585301,BTC-USD,68551.76,0.00000067,buy,2026-04-07T19:25:33.212617Z,2026-04-07T19:25:33.268994
